%YAML 1.1
%TAG !u! tag:unity3d.com,2011:
--- !u!1 &171980
GameObject:
  m_ObjectHideFlags: 0
  m_PrefabParentObject: {fileID: 0}
  m_PrefabInternal: {fileID: 100100000}
  serializedVersion: 4
  m_Component:
  - 4: {fileID: 471980}
  m_Layer: 0
  m_Name: Slot_Fire
  m_TagString: Untagged
  m_Icon: {fileID: 0}
  m_NavMeshLayer: 0
  m_StaticEditorFlags: 0
  m_IsActive: 1
--- !u!1 &171982
GameObject:
  m_ObjectHideFlags: 0
  m_PrefabParentObject: {fileID: 0}
  m_PrefabInternal: {fileID: 100100000}
  serializedVersion: 4
  m_Component:
  - 4: {fileID: 471982}
  m_Layer: 0
  m_Name: Slot_Cartridge
  m_TagString: Untagged
  m_Icon: {fileID: 0}
  m_NavMeshLayer: 0
  m_StaticEditorFlags: 0
  m_IsActive: 1
--- !u!1 &171984
GameObject:
  m_ObjectHideFlags: 0
  m_PrefabParentObject: {fileID: 0}
  m_PrefabInternal: {fileID: 100100000}
  serializedVersion: 4
  m_Component:
  - 4: {fileID: 471984}
  - 33: {fileID: 3371984}
  - 23: {fileID: 2371984}
  m_Layer: 0
  m_Name: ak47_black_low
  m_TagString: Untagged
  m_Icon: {fileID: 0}
  m_NavMeshLayer: 0
  m_StaticEditorFlags: 0
  m_IsActive: 1
--- !u!4 &471980
Transform:
  m_ObjectHideFlags: 1
  m_PrefabParentObject: {fileID: 0}
  m_PrefabInternal: {fileID: 100100000}
  m_GameObject: {fileID: 171980}
  m_LocalRotation: {x: .707106709, y: 3.37174811e-07, z: 5.29223814e-14, w: .707106948}
  m_LocalPosition: {x: 2.28881831e-07, y: -.725296378, z: .0926040933}
  m_LocalScale: {x: 1.00000048, y: .999999821, z: .99999994}
  m_Children: []
  m_Father: {fileID: 471984}
  m_RootOrder: 1
--- !u!4 &471982
Transform:
  m_ObjectHideFlags: 1
  m_PrefabParentObject: {fileID: 0}
  m_PrefabInternal: {fileID: 100100000}
  m_GameObject: {fileID: 171982}
  m_LocalRotation: {x: .499999881, y: .500000179, z: .499999881, w: .50000006}
  m_LocalPosition: {x: .0847258344, y: -.173207209, z: .117490135}
  m_LocalScale: {x: 1, y: .999999881, z: 1.00000048}
  m_Children: []
  m_Father: {fileID: 471984}
  m_RootOrder: 0
--- !u!4 &471984
Transform:
  m_ObjectHideFlags: 1
  m_PrefabParentObject: {fileID: 0}
  m_PrefabInternal: {fileID: 100100000}
  m_GameObject: {fileID: 171984}
  m_LocalRotation: {x: -.707106829, y: 0, z: -0, w: .707106829}
  m_LocalPosition: {x: -0, y: 0, z: 0}
  m_LocalScale: {x: 1, y: 1, z: 1}
  m_Children:
  - {fileID: 471982}
  - {fileID: 471980}
  m_Father: {fileID: 0}
  m_RootOrder: 0
--- !u!23 &2371984
Renderer:
  m_ObjectHideFlags: 1
  m_PrefabParentObject: {fileID: 0}
  m_PrefabInternal: {fileID: 100100000}
  m_GameObject: {fileID: 171984}
  m_Enabled: 1
  m_CastShadows: 1
  m_ReceiveShadows: 1
  m_LightmapIndex: 255
  m_LightmapTilingOffset: {x: 1, y: 1, z: 0, w: 0}
  m_Materials:
  - {fileID: 2100000, guid: aceca4717bdddff458e9c786c2bf20ca, type: 2}
  m_SubsetIndices: 
  m_StaticBatchRoot: {fileID: 0}
  m_UseLightProbes: 0
  m_LightProbeAnchor: {fileID: 0}
  m_ScaleInLightmap: 1
  m_SortingLayerID: 0
  m_SortingOrder: 0
--- !u!33 &3371984
MeshFilter:
  m_ObjectHideFlags: 1
  m_PrefabParentObject: {fileID: 0}
  m_PrefabInternal: {fileID: 100100000}
  m_GameObject: {fileID: 171984}
  m_Mesh: {fileID: 4300000, guid: 75e4543eb7d1f114d8b65b336a111228, type: 3}
--- !u!1001 &100100000
Prefab:
  m_ObjectHideFlags: 1
  serializedVersion: 2
  m_Modification:
    m_TransformParent: {fileID: 0}
    m_Modifications: []
    m_RemovedComponents: []
  m_ParentPrefab: {fileID: 0}
  m_RootGameObject: {fileID: 171984}
  m_IsPrefabParent: 1
  m_IsExploded: 1
