%YAML 1.1
%TAG !u! tag:unity3d.com,2011:
--- !u!1 &142348
GameObject:
  m_ObjectHideFlags: 0
  m_PrefabParentObject: {fileID: 0}
  m_PrefabInternal: {fileID: 100100000}
  serializedVersion: 4
  m_Component:
  - 4: {fileID: 442348}
  - 95: {fileID: 9542348}
  m_Layer: 0
  m_Name: heroine_red
  m_TagString: Untagged
  m_Icon: {fileID: 0}
  m_NavMeshLayer: 0
  m_StaticEditorFlags: 0
  m_IsActive: 1
--- !u!1 &142350
GameObject:
  m_ObjectHideFlags: 0
  m_PrefabParentObject: {fileID: 0}
  m_PrefabInternal: {fileID: 100100000}
  serializedVersion: 4
  m_Component:
  - 4: {fileID: 442350}
  m_Layer: 0
  m_Name: Bip_Hips
  m_TagString: Untagged
  m_Icon: {fileID: 0}
  m_NavMeshLayer: 0
  m_StaticEditorFlags: 0
  m_IsActive: 1
--- !u!1 &142352
GameObject:
  m_ObjectHideFlags: 0
  m_PrefabParentObject: {fileID: 0}
  m_PrefabInternal: {fileID: 100100000}
  serializedVersion: 4
  m_Component:
  - 4: {fileID: 442352}
  - 137: {fileID: 13742348}
  m_Layer: 0
  m_Name: Object02
  m_TagString: Untagged
  m_Icon: {fileID: 0}
  m_NavMeshLayer: 0
  m_StaticEditorFlags: 0
  m_IsActive: 1
--- !u!1 &142354
GameObject:
  m_ObjectHideFlags: 1
  m_PrefabParentObject: {fileID: 0}
  m_PrefabInternal: {fileID: 100100000}
  serializedVersion: 4
  m_Component:
  - 4: {fileID: 442354}
  - 65: {fileID: 6542348}
  m_Layer: 0
  m_Name: Bip_LeftUpperLeg
  m_TagString: Untagged
  m_Icon: {fileID: 0}
  m_NavMeshLayer: 0
  m_StaticEditorFlags: 0
  m_IsActive: 1
--- !u!1 &142356
GameObject:
  m_ObjectHideFlags: 1
  m_PrefabParentObject: {fileID: 0}
  m_PrefabInternal: {fileID: 100100000}
  serializedVersion: 4
  m_Component:
  - 4: {fileID: 442362}
  - 65: {fileID: 6542350}
  m_Layer: 0
  m_Name: Bip_LeftLowerLeg
  m_TagString: Untagged
  m_Icon: {fileID: 0}
  m_NavMeshLayer: 0
  m_StaticEditorFlags: 0
  m_IsActive: 1
--- !u!1 &142358
GameObject:
  m_ObjectHideFlags: 1
  m_PrefabParentObject: {fileID: 0}
  m_PrefabInternal: {fileID: 100100000}
  serializedVersion: 4
  m_Component:
  - 4: {fileID: 442364}
  m_Layer: 0
  m_Name: Bip_LeftFoot
  m_TagString: Untagged
  m_Icon: {fileID: 0}
  m_NavMeshLayer: 0
  m_StaticEditorFlags: 0
  m_IsActive: 1
--- !u!1 &142360
GameObject:
  m_ObjectHideFlags: 1
  m_PrefabParentObject: {fileID: 0}
  m_PrefabInternal: {fileID: 100100000}
  serializedVersion: 4
  m_Component:
  - 4: {fileID: 442366}
  m_Layer: 0
  m_Name: Bip_LeftToe
  m_TagString: Untagged
  m_Icon: {fileID: 0}
  m_NavMeshLayer: 0
  m_StaticEditorFlags: 0
  m_IsActive: 1
--- !u!1 &142362
GameObject:
  m_ObjectHideFlags: 1
  m_PrefabParentObject: {fileID: 0}
  m_PrefabInternal: {fileID: 100100000}
  serializedVersion: 4
  m_Component:
  - 4: {fileID: 442356}
  m_Layer: 0
  m_Name: Bip_Pelvis
  m_TagString: Untagged
  m_Icon: {fileID: 0}
  m_NavMeshLayer: 0
  m_StaticEditorFlags: 0
  m_IsActive: 1
--- !u!1 &142364
GameObject:
  m_ObjectHideFlags: 1
  m_PrefabParentObject: {fileID: 0}
  m_PrefabInternal: {fileID: 100100000}
  serializedVersion: 4
  m_Component:
  - 4: {fileID: 442358}
  - 65: {fileID: 6542352}
  m_Layer: 0
  m_Name: Bip_RightUpperLeg
  m_TagString: Untagged
  m_Icon: {fileID: 0}
  m_NavMeshLayer: 0
  m_StaticEditorFlags: 0
  m_IsActive: 1
--- !u!1 &142366
GameObject:
  m_ObjectHideFlags: 1
  m_PrefabParentObject: {fileID: 0}
  m_PrefabInternal: {fileID: 100100000}
  serializedVersion: 4
  m_Component:
  - 4: {fileID: 442368}
  - 65: {fileID: 6542354}
  m_Layer: 0
  m_Name: Bip_RightLowerLeg
  m_TagString: Untagged
  m_Icon: {fileID: 0}
  m_NavMeshLayer: 0
  m_StaticEditorFlags: 0
  m_IsActive: 1
--- !u!1 &142368
GameObject:
  m_ObjectHideFlags: 1
  m_PrefabParentObject: {fileID: 0}
  m_PrefabInternal: {fileID: 100100000}
  serializedVersion: 4
  m_Component:
  - 4: {fileID: 442370}
  m_Layer: 0
  m_Name: Bip_RightFoot
  m_TagString: Untagged
  m_Icon: {fileID: 0}
  m_NavMeshLayer: 0
  m_StaticEditorFlags: 0
  m_IsActive: 1
--- !u!1 &142370
GameObject:
  m_ObjectHideFlags: 1
  m_PrefabParentObject: {fileID: 0}
  m_PrefabInternal: {fileID: 100100000}
  serializedVersion: 4
  m_Component:
  - 4: {fileID: 442372}
  m_Layer: 0
  m_Name: Bip_RightToe
  m_TagString: Untagged
  m_Icon: {fileID: 0}
  m_NavMeshLayer: 0
  m_StaticEditorFlags: 0
  m_IsActive: 1
--- !u!1 &142372
GameObject:
  m_ObjectHideFlags: 1
  m_PrefabParentObject: {fileID: 0}
  m_PrefabInternal: {fileID: 100100000}
  serializedVersion: 4
  m_Component:
  - 4: {fileID: 442360}
  m_Layer: 0
  m_Name: Bip_Spine
  m_TagString: Untagged
  m_Icon: {fileID: 0}
  m_NavMeshLayer: 0
  m_StaticEditorFlags: 0
  m_IsActive: 1
--- !u!1 &142374
GameObject:
  m_ObjectHideFlags: 1
  m_PrefabParentObject: {fileID: 0}
  m_PrefabInternal: {fileID: 100100000}
  serializedVersion: 4
  m_Component:
  - 4: {fileID: 442374}
  - 65: {fileID: 6542356}
  m_Layer: 0
  m_Name: Bip_Chest
  m_TagString: Untagged
  m_Icon: {fileID: 0}
  m_NavMeshLayer: 0
  m_StaticEditorFlags: 0
  m_IsActive: 1
--- !u!1 &142376
GameObject:
  m_ObjectHideFlags: 1
  m_PrefabParentObject: {fileID: 0}
  m_PrefabInternal: {fileID: 100100000}
  serializedVersion: 4
  m_Component:
  - 4: {fileID: 442376}
  m_Layer: 0
  m_Name: Bip_Neck
  m_TagString: Untagged
  m_Icon: {fileID: 0}
  m_NavMeshLayer: 0
  m_StaticEditorFlags: 0
  m_IsActive: 1
--- !u!1 &142378
GameObject:
  m_ObjectHideFlags: 1
  m_PrefabParentObject: {fileID: 0}
  m_PrefabInternal: {fileID: 100100000}
  serializedVersion: 4
  m_Component:
  - 4: {fileID: 442378}
  - 65: {fileID: 6542358}
  m_Layer: 0
  m_Name: Bip_Head
  m_TagString: Untagged
  m_Icon: {fileID: 0}
  m_NavMeshLayer: 0
  m_StaticEditorFlags: 0
  m_IsActive: 1
--- !u!1 &142380
GameObject:
  m_ObjectHideFlags: 1
  m_PrefabParentObject: {fileID: 0}
  m_PrefabInternal: {fileID: 100100000}
  serializedVersion: 4
  m_Component:
  - 4: {fileID: 442384}
  m_Layer: 0
  m_Name: Bone001
  m_TagString: Untagged
  m_Icon: {fileID: 0}
  m_NavMeshLayer: 0
  m_StaticEditorFlags: 0
  m_IsActive: 1
--- !u!1 &142382
GameObject:
  m_ObjectHideFlags: 1
  m_PrefabParentObject: {fileID: 0}
  m_PrefabInternal: {fileID: 100100000}
  serializedVersion: 4
  m_Component:
  - 4: {fileID: 442380}
  m_Layer: 0
  m_Name: Bip_LeftShoulder
  m_TagString: Untagged
  m_Icon: {fileID: 0}
  m_NavMeshLayer: 0
  m_StaticEditorFlags: 0
  m_IsActive: 1
--- !u!1 &142384
GameObject:
  m_ObjectHideFlags: 1
  m_PrefabParentObject: {fileID: 0}
  m_PrefabInternal: {fileID: 100100000}
  serializedVersion: 4
  m_Component:
  - 4: {fileID: 442386}
  - 65: {fileID: 6542360}
  m_Layer: 0
  m_Name: Bip_LeftUpperArm
  m_TagString: Untagged
  m_Icon: {fileID: 0}
  m_NavMeshLayer: 0
  m_StaticEditorFlags: 0
  m_IsActive: 1
--- !u!1 &142386
GameObject:
  m_ObjectHideFlags: 1
  m_PrefabParentObject: {fileID: 0}
  m_PrefabInternal: {fileID: 100100000}
  serializedVersion: 4
  m_Component:
  - 4: {fileID: 442388}
  m_Layer: 0
  m_Name: Bip_Hips L ForeTwist
  m_TagString: Untagged
  m_Icon: {fileID: 0}
  m_NavMeshLayer: 0
  m_StaticEditorFlags: 0
  m_IsActive: 1
--- !u!1 &142388
GameObject:
  m_ObjectHideFlags: 1
  m_PrefabParentObject: {fileID: 0}
  m_PrefabInternal: {fileID: 100100000}
  serializedVersion: 4
  m_Component:
  - 4: {fileID: 442392}
  m_Layer: 0
  m_Name: Bip_Hips L ForeTwist1
  m_TagString: Untagged
  m_Icon: {fileID: 0}
  m_NavMeshLayer: 0
  m_StaticEditorFlags: 0
  m_IsActive: 1
--- !u!1 &142390
GameObject:
  m_ObjectHideFlags: 1
  m_PrefabParentObject: {fileID: 0}
  m_PrefabInternal: {fileID: 100100000}
  serializedVersion: 4
  m_Component:
  - 4: {fileID: 442390}
  - 65: {fileID: 6542362}
  m_Layer: 0
  m_Name: Bip_LeftLowerArm
  m_TagString: Untagged
  m_Icon: {fileID: 0}
  m_NavMeshLayer: 0
  m_StaticEditorFlags: 0
  m_IsActive: 1
--- !u!1 &142392
GameObject:
  m_ObjectHideFlags: 1
  m_PrefabParentObject: {fileID: 0}
  m_PrefabInternal: {fileID: 100100000}
  serializedVersion: 4
  m_Component:
  - 4: {fileID: 442394}
  m_Layer: 0
  m_Name: Bip_LeftHand
  m_TagString: Untagged
  m_Icon: {fileID: 0}
  m_NavMeshLayer: 0
  m_StaticEditorFlags: 0
  m_IsActive: 1
--- !u!1 &142394
GameObject:
  m_ObjectHideFlags: 1
  m_PrefabParentObject: {fileID: 0}
  m_PrefabInternal: {fileID: 100100000}
  serializedVersion: 4
  m_Component:
  - 4: {fileID: 442396}
  m_Layer: 0
  m_Name: Bip_LeftHandCenter
  m_TagString: Untagged
  m_Icon: {fileID: 0}
  m_NavMeshLayer: 0
  m_StaticEditorFlags: 0
  m_IsActive: 1
--- !u!1 &142396
GameObject:
  m_ObjectHideFlags: 1
  m_PrefabParentObject: {fileID: 0}
  m_PrefabInternal: {fileID: 100100000}
  serializedVersion: 4
  m_Component:
  - 4: {fileID: 442398}
  m_Layer: 0
  m_Name: Bip_LeftHandThumb1
  m_TagString: Untagged
  m_Icon: {fileID: 0}
  m_NavMeshLayer: 0
  m_StaticEditorFlags: 0
  m_IsActive: 1
--- !u!1 &142398
GameObject:
  m_ObjectHideFlags: 1
  m_PrefabParentObject: {fileID: 0}
  m_PrefabInternal: {fileID: 100100000}
  serializedVersion: 4
  m_Component:
  - 4: {fileID: 442400}
  m_Layer: 0
  m_Name: Bip_LeftHandThumb2
  m_TagString: Untagged
  m_Icon: {fileID: 0}
  m_NavMeshLayer: 0
  m_StaticEditorFlags: 0
  m_IsActive: 1
--- !u!1 &142400
GameObject:
  m_ObjectHideFlags: 1
  m_PrefabParentObject: {fileID: 0}
  m_PrefabInternal: {fileID: 100100000}
  serializedVersion: 4
  m_Component:
  - 4: {fileID: 442382}
  m_Layer: 0
  m_Name: Bip_RightShoulder
  m_TagString: Untagged
  m_Icon: {fileID: 0}
  m_NavMeshLayer: 0
  m_StaticEditorFlags: 0
  m_IsActive: 1
--- !u!1 &142402
GameObject:
  m_ObjectHideFlags: 1
  m_PrefabParentObject: {fileID: 0}
  m_PrefabInternal: {fileID: 100100000}
  serializedVersion: 4
  m_Component:
  - 4: {fileID: 442402}
  - 65: {fileID: 6542364}
  m_Layer: 0
  m_Name: Bip_RightUpperArm
  m_TagString: Untagged
  m_Icon: {fileID: 0}
  m_NavMeshLayer: 0
  m_StaticEditorFlags: 0
  m_IsActive: 1
--- !u!1 &142404
GameObject:
  m_ObjectHideFlags: 1
  m_PrefabParentObject: {fileID: 0}
  m_PrefabInternal: {fileID: 100100000}
  serializedVersion: 4
  m_Component:
  - 4: {fileID: 442404}
  m_Layer: 0
  m_Name: Bip_Hips R ForeTwist
  m_TagString: Untagged
  m_Icon: {fileID: 0}
  m_NavMeshLayer: 0
  m_StaticEditorFlags: 0
  m_IsActive: 1
--- !u!1 &142406
GameObject:
  m_ObjectHideFlags: 1
  m_PrefabParentObject: {fileID: 0}
  m_PrefabInternal: {fileID: 100100000}
  serializedVersion: 4
  m_Component:
  - 4: {fileID: 442408}
  m_Layer: 0
  m_Name: Bip_Hips R ForeTwist1
  m_TagString: Untagged
  m_Icon: {fileID: 0}
  m_NavMeshLayer: 0
  m_StaticEditorFlags: 0
  m_IsActive: 1
--- !u!1 &142408
GameObject:
  m_ObjectHideFlags: 1
  m_PrefabParentObject: {fileID: 0}
  m_PrefabInternal: {fileID: 100100000}
  serializedVersion: 4
  m_Component:
  - 4: {fileID: 442406}
  - 65: {fileID: 6542366}
  m_Layer: 0
  m_Name: Bip_RightLowerArm
  m_TagString: Untagged
  m_Icon: {fileID: 0}
  m_NavMeshLayer: 0
  m_StaticEditorFlags: 0
  m_IsActive: 1
--- !u!1 &142410
GameObject:
  m_ObjectHideFlags: 1
  m_PrefabParentObject: {fileID: 0}
  m_PrefabInternal: {fileID: 100100000}
  serializedVersion: 4
  m_Component:
  - 4: {fileID: 442410}
  m_Layer: 0
  m_Name: Bip_RightHand
  m_TagString: Untagged
  m_Icon: {fileID: 0}
  m_NavMeshLayer: 0
  m_StaticEditorFlags: 0
  m_IsActive: 1
--- !u!1 &142412
GameObject:
  m_ObjectHideFlags: 1
  m_PrefabParentObject: {fileID: 0}
  m_PrefabInternal: {fileID: 100100000}
  serializedVersion: 4
  m_Component:
  - 4: {fileID: 442412}
  m_Layer: 0
  m_Name: Bip_RightHandCenter
  m_TagString: Untagged
  m_Icon: {fileID: 0}
  m_NavMeshLayer: 0
  m_StaticEditorFlags: 0
  m_IsActive: 1
--- !u!1 &142414
GameObject:
  m_ObjectHideFlags: 1
  m_PrefabParentObject: {fileID: 0}
  m_PrefabInternal: {fileID: 100100000}
  serializedVersion: 4
  m_Component:
  - 4: {fileID: 442414}
  m_Layer: 0
  m_Name: Bip_RightHandThumb1
  m_TagString: Untagged
  m_Icon: {fileID: 0}
  m_NavMeshLayer: 0
  m_StaticEditorFlags: 0
  m_IsActive: 1
--- !u!1 &142416
GameObject:
  m_ObjectHideFlags: 1
  m_PrefabParentObject: {fileID: 0}
  m_PrefabInternal: {fileID: 100100000}
  serializedVersion: 4
  m_Component:
  - 4: {fileID: 442416}
  m_Layer: 0
  m_Name: Bip_RightHandThumb2
  m_TagString: Untagged
  m_Icon: {fileID: 0}
  m_NavMeshLayer: 0
  m_StaticEditorFlags: 0
  m_IsActive: 1
--- !u!4 &442348
Transform:
  m_ObjectHideFlags: 1
  m_PrefabParentObject: {fileID: 0}
  m_PrefabInternal: {fileID: 100100000}
  m_GameObject: {fileID: 142348}
  m_LocalRotation: {x: 0, y: 0, z: 0, w: 1}
  m_LocalPosition: {x: 0, y: 0, z: 0}
  m_LocalScale: {x: 1, y: 1, z: 1}
  m_Children:
  - {fileID: 442350}
  - {fileID: 442352}
  m_Father: {fileID: 0}
  m_RootOrder: 0
--- !u!4 &442350
Transform:
  m_ObjectHideFlags: 1
  m_PrefabParentObject: {fileID: 0}
  m_PrefabInternal: {fileID: 100100000}
  m_GameObject: {fileID: 142350}
  m_LocalRotation: {x: -.5, y: .5, z: .5, w: .5}
  m_LocalPosition: {x: 0, y: 1.01551521, z: -.027999999}
  m_LocalScale: {x: .99999994, y: .99999994, z: 1}
  m_Children:
  - {fileID: 442354}
  - {fileID: 442356}
  - {fileID: 442358}
  - {fileID: 442360}
  m_Father: {fileID: 442348}
  m_RootOrder: 0
--- !u!4 &442352
Transform:
  m_ObjectHideFlags: 1
  m_PrefabParentObject: {fileID: 0}
  m_PrefabInternal: {fileID: 100100000}
  m_GameObject: {fileID: 142352}
  m_LocalRotation: {x: -.707106829, y: 0, z: -0, w: .707106829}
  m_LocalPosition: {x: 0, y: 0, z: 0}
  m_LocalScale: {x: 1, y: 1, z: 1}
  m_Children: []
  m_Father: {fileID: 442348}
  m_RootOrder: 1
--- !u!4 &442354
Transform:
  m_ObjectHideFlags: 1
  m_PrefabParentObject: {fileID: 0}
  m_PrefabInternal: {fileID: 100100000}
  m_GameObject: {fileID: 142354}
  m_LocalRotation: {x: -.508481562, y: .533255816, z: -.475169629, w: -.480935097}
  m_LocalPosition: {x: -4.52995295e-08, y: .0919504315, z: 0}
  m_LocalScale: {x: .99999994, y: .99999994, z: .99999994}
  m_Children:
  - {fileID: 442362}
  m_Father: {fileID: 442350}
  m_RootOrder: 0
--- !u!4 &442356
Transform:
  m_ObjectHideFlags: 1
  m_PrefabParentObject: {fileID: 0}
  m_PrefabInternal: {fileID: 100100000}
  m_GameObject: {fileID: 142362}
  m_LocalRotation: {x: -.499999642, y: .500000358, z: .499999642, w: .500000358}
  m_LocalPosition: {x: -0, y: 0, z: 0}
  m_LocalScale: {x: 1, y: .99999994, z: .99999994}
  m_Children: []
  m_Father: {fileID: 442350}
  m_RootOrder: 1
--- !u!4 &442358
Transform:
  m_ObjectHideFlags: 1
  m_PrefabParentObject: {fileID: 0}
  m_PrefabInternal: {fileID: 100100000}
  m_GameObject: {fileID: 142364}
  m_LocalRotation: {x: .480935067, y: -.475169569, z: .533255875, w: .508481622}
  m_LocalPosition: {x: -4.52995295e-08, y: -.0919504315, z: 0}
  m_LocalScale: {x: 1, y: .99999994, z: .99999994}
  m_Children:
  - {fileID: 442368}
  m_Father: {fileID: 442350}
  m_RootOrder: 2
--- !u!4 &442360
Transform:
  m_ObjectHideFlags: 1
  m_PrefabParentObject: {fileID: 0}
  m_PrefabInternal: {fileID: 100100000}
  m_GameObject: {fileID: 142372}
  m_LocalRotation: {x: -.517337799, y: .482039124, z: .482040465, w: .517336309}
  m_LocalPosition: {x: -.0256406404, y: -2.8987829e-08, z: .133500367}
  m_LocalScale: {x: 1, y: .99999994, z: .99999994}
  m_Children:
  - {fileID: 442374}
  m_Father: {fileID: 442350}
  m_RootOrder: 3
--- !u!4 &442362
Transform:
  m_ObjectHideFlags: 1
  m_PrefabParentObject: {fileID: 0}
  m_PrefabInternal: {fileID: 100100000}
  m_GameObject: {fileID: 142356}
  m_LocalRotation: {x: -1.21095589e-09, y: 7.41026929e-09, z: .0376202501, w: .999292135}
  m_LocalPosition: {x: -.398682028, y: 0, z: -1.90734859e-08}
  m_LocalScale: {x: 1.00000012, y: 1.00000012, z: 1}
  m_Children:
  - {fileID: 442364}
  m_Father: {fileID: 442354}
  m_RootOrder: 0
--- !u!4 &442364
Transform:
  m_ObjectHideFlags: 1
  m_PrefabParentObject: {fileID: 0}
  m_PrefabInternal: {fileID: 100100000}
  m_GameObject: {fileID: 142358}
  m_LocalRotation: {x: -.0631288067, y: .0458475351, z: -.0435441434, w: .99600035}
  m_LocalPosition: {x: -.482688665, y: 9.53674295e-09, z: 0}
  m_LocalScale: {x: 1, y: .99999994, z: 1}
  m_Children:
  - {fileID: 442366}
  m_Father: {fileID: 442362}
  m_RootOrder: 0
--- !u!4 &442366
Transform:
  m_ObjectHideFlags: 1
  m_PrefabParentObject: {fileID: 0}
  m_PrefabInternal: {fileID: 100100000}
  m_GameObject: {fileID: 142360}
  m_LocalRotation: {x: 1.54543116e-08, y: -1.54543116e-08, z: -.707106829, w: .707106829}
  m_LocalPosition: {x: -.13047725, y: .0979841501, z: 0}
  m_LocalScale: {x: 1, y: 1, z: 1}
  m_Children: []
  m_Father: {fileID: 442364}
  m_RootOrder: 0
--- !u!4 &442368
Transform:
  m_ObjectHideFlags: 1
  m_PrefabParentObject: {fileID: 0}
  m_PrefabInternal: {fileID: 100100000}
  m_GameObject: {fileID: 142366}
  m_LocalRotation: {x: 4.65331662e-10, y: 1.75182941e-11, z: .0376202501, w: .999292135}
  m_LocalPosition: {x: -.398682088, y: -9.53674295e-09, z: 0}
  m_LocalScale: {x: 1, y: 1, z: 1.00000012}
  m_Children:
  - {fileID: 442370}
  m_Father: {fileID: 442358}
  m_RootOrder: 0
--- !u!4 &442370
Transform:
  m_ObjectHideFlags: 1
  m_PrefabParentObject: {fileID: 0}
  m_PrefabInternal: {fileID: 100100000}
  m_GameObject: {fileID: 142368}
  m_LocalRotation: {x: .0631287917, y: -.0458476171, z: -.043544136, w: .99600035}
  m_LocalPosition: {x: -.482688695, y: 9.53674295e-09, z: 1.90734859e-08}
  m_LocalScale: {x: 1, y: 1, z: 1}
  m_Children:
  - {fileID: 442372}
  m_Father: {fileID: 442368}
  m_RootOrder: 0
--- !u!4 &442372
Transform:
  m_ObjectHideFlags: 1
  m_PrefabParentObject: {fileID: 0}
  m_PrefabInternal: {fileID: 100100000}
  m_GameObject: {fileID: 142370}
  m_LocalRotation: {x: -1.54543116e-08, y: 1.54543116e-08, z: -.707106829, w: .707106829}
  m_LocalPosition: {x: -.13047725, y: .0979841575, z: 0}
  m_LocalScale: {x: 1, y: 1, z: 1}
  m_Children: []
  m_Father: {fileID: 442370}
  m_RootOrder: 0
--- !u!4 &442374
Transform:
  m_ObjectHideFlags: 1
  m_PrefabParentObject: {fileID: 0}
  m_PrefabInternal: {fileID: 100100000}
  m_GameObject: {fileID: 142374}
  m_LocalRotation: {x: -2.59869183e-14, y: -4.65627409e-07, z: .167878315, w: .985807717}
  m_LocalPosition: {x: -.129845425, y: -.000183296201, z: -5.08407538e-10}
  m_LocalScale: {x: 1, y: 1, z: 1}
  m_Children:
  - {fileID: 442376}
  m_Father: {fileID: 442360}
  m_RootOrder: 0
--- !u!4 &442376
Transform:
  m_ObjectHideFlags: 1
  m_PrefabParentObject: {fileID: 0}
  m_PrefabInternal: {fileID: 100100000}
  m_GameObject: {fileID: 142376}
  m_LocalRotation: {x: -7.16217264e-15, y: 5.73008322e-07, z: -.206593677, w: .978426814}
  m_LocalPosition: {x: -.243852913, y: -.0326133929, z: -8.92890917e-09}
  m_LocalScale: {x: 1.00000012, y: 1.00000012, z: 1}
  m_Children:
  - {fileID: 442378}
  - {fileID: 442380}
  - {fileID: 442382}
  m_Father: {fileID: 442374}
  m_RootOrder: 0
--- !u!4 &442378
Transform:
  m_ObjectHideFlags: 1
  m_PrefabParentObject: {fileID: 0}
  m_PrefabInternal: {fileID: 100100000}
  m_GameObject: {fileID: 142378}
  m_LocalRotation: {x: -5.19287338e-14, y: -1.75204296e-08, z: .00631754799, w: .999980032}
  m_LocalPosition: {x: -.0643634051, y: 0, z: 0}
  m_LocalScale: {x: .99999994, y: .99999994, z: 1}
  m_Children:
  - {fileID: 442384}
  m_Father: {fileID: 442376}
  m_RootOrder: 0
--- !u!4 &442380
Transform:
  m_ObjectHideFlags: 1
  m_PrefabParentObject: {fileID: 0}
  m_PrefabInternal: {fileID: 100100000}
  m_GameObject: {fileID: 142382}
  m_LocalRotation: {x: -.654607832, y: -.175903946, z: .725521445, w: -.119017199}
  m_LocalPosition: {x: .0635491908, y: .0140906526, z: .0398286693}
  m_LocalScale: {x: 1.00000012, y: 1, z: 1}
  m_Children:
  - {fileID: 442386}
  m_Father: {fileID: 442376}
  m_RootOrder: 1
--- !u!4 &442382
Transform:
  m_ObjectHideFlags: 1
  m_PrefabParentObject: {fileID: 0}
  m_PrefabInternal: {fileID: 100100000}
  m_GameObject: {fileID: 142400}
  m_LocalRotation: {x: .654607475, y: .175901935, z: .725521922, w: -.119019024}
  m_LocalPosition: {x: .0635491908, y: .0140908808, z: -.039828755}
  m_LocalScale: {x: 1.00000012, y: .99999994, z: 1}
  m_Children:
  - {fileID: 442402}
  m_Father: {fileID: 442376}
  m_RootOrder: 2
--- !u!4 &442384
Transform:
  m_ObjectHideFlags: 1
  m_PrefabParentObject: {fileID: 0}
  m_PrefabInternal: {fileID: 100100000}
  m_GameObject: {fileID: 142380}
  m_LocalRotation: {x: .132813781, y: .991141021, z: 6.88822468e-07, w: -8.41470325e-08}
  m_LocalPosition: {x: -.169796601, y: -.146458998, z: 0}
  m_LocalScale: {x: 1, y: 1, z: .99999994}
  m_Children: []
  m_Father: {fileID: 442378}
  m_RootOrder: 0
--- !u!4 &442386
Transform:
  m_ObjectHideFlags: 1
  m_PrefabParentObject: {fileID: 0}
  m_PrefabInternal: {fileID: 100100000}
  m_GameObject: {fileID: 142384}
  m_LocalRotation: {x: .109095976, y: -.331796169, z: .0273306668, w: .936622858}
  m_LocalPosition: {x: -.113258429, y: -1.90734859e-08, z: 1.52587887e-07}
  m_LocalScale: {x: 1, y: 1, z: 1}
  m_Children:
  - {fileID: 442388}
  - {fileID: 442390}
  m_Father: {fileID: 442380}
  m_RootOrder: 0
--- !u!4 &442388
Transform:
  m_ObjectHideFlags: 1
  m_PrefabParentObject: {fileID: 0}
  m_PrefabInternal: {fileID: 100100000}
  m_GameObject: {fileID: 142386}
  m_LocalRotation: {x: .000906329893, y: .000100359764, z: .110059306, w: .993924618}
  m_LocalPosition: {x: -.224363089, y: 9.53674295e-09, z: 7.62939436e-08}
  m_LocalScale: {x: .99999994, y: 1, z: 1}
  m_Children:
  - {fileID: 442392}
  m_Father: {fileID: 442386}
  m_RootOrder: 0
--- !u!4 &442390
Transform:
  m_ObjectHideFlags: 1
  m_PrefabParentObject: {fileID: 0}
  m_PrefabInternal: {fileID: 100100000}
  m_GameObject: {fileID: 142390}
  m_LocalRotation: {x: 0, y: 0, z: .110059351, w: .993925035}
  m_LocalPosition: {x: -.224363089, y: 9.53674295e-09, z: 7.62939436e-08}
  m_LocalScale: {x: .99999994, y: 1, z: .999999881}
  m_Children:
  - {fileID: 442394}
  m_Father: {fileID: 442386}
  m_RootOrder: 1
--- !u!4 &442392
Transform:
  m_ObjectHideFlags: 1
  m_PrefabParentObject: {fileID: 0}
  m_PrefabInternal: {fileID: 100100000}
  m_GameObject: {fileID: 142388}
  m_LocalRotation: {x: .000911869458, y: 0, z: -0, w: .999999583}
  m_LocalPosition: {x: -.100107342, y: 0, z: 0}
  m_LocalScale: {x: 1, y: 1, z: .999999881}
  m_Children: []
  m_Father: {fileID: 442388}
  m_RootOrder: 0
--- !u!4 &442394
Transform:
  m_ObjectHideFlags: 1
  m_PrefabParentObject: {fileID: 0}
  m_PrefabInternal: {fileID: 100100000}
  m_GameObject: {fileID: 142392}
  m_LocalRotation: {x: -.703505099, y: .0485603511, z: -.0207754895, w: .708724797}
  m_LocalPosition: {x: -.200214684, y: 0, z: -7.62939436e-08}
  m_LocalScale: {x: 1, y: .99999994, z: 1}
  m_Children:
  - {fileID: 442396}
  - {fileID: 442398}
  m_Father: {fileID: 442390}
  m_RootOrder: 0
--- !u!4 &442396
Transform:
  m_ObjectHideFlags: 1
  m_PrefabParentObject: {fileID: 0}
  m_PrefabInternal: {fileID: 100100000}
  m_GameObject: {fileID: 142394}
  m_LocalRotation: {x: 2.309677e-07, y: -1.4901099e-08, z: 2.38418465e-07, w: 1}
  m_LocalPosition: {x: -.0829437226, y: .0489762872, z: .00363539695}
  m_LocalScale: {x: 1.00000048, y: 1.00000131, z: 1}
  m_Children: []
  m_Father: {fileID: 442394}
  m_RootOrder: 0
--- !u!4 &442398
Transform:
  m_ObjectHideFlags: 1
  m_PrefabParentObject: {fileID: 0}
  m_PrefabInternal: {fileID: 100100000}
  m_GameObject: {fileID: 142396}
  m_LocalRotation: {x: -.00191766105, y: -.0174206998, z: -.0871355608, w: .996042311}
  m_LocalPosition: {x: -.0874636471, y: .00237701414, z: -.00750935543}
  m_LocalScale: {x: .99999994, y: 1, z: 1}
  m_Children:
  - {fileID: 442400}
  m_Father: {fileID: 442394}
  m_RootOrder: 1
--- !u!4 &442400
Transform:
  m_ObjectHideFlags: 1
  m_PrefabParentObject: {fileID: 0}
  m_PrefabInternal: {fileID: 100100000}
  m_GameObject: {fileID: 142398}
  m_LocalRotation: {x: -3.28466171e-10, y: -7.44333661e-09, z: -.0440859869, w: .999027729}
  m_LocalPosition: {x: -.0387239456, y: 0, z: 0}
  m_LocalScale: {x: 1, y: 1, z: 1.00000012}
  m_Children: []
  m_Father: {fileID: 442398}
  m_RootOrder: 0
--- !u!4 &442402
Transform:
  m_ObjectHideFlags: 1
  m_PrefabParentObject: {fileID: 0}
  m_PrefabInternal: {fileID: 100100000}
  m_GameObject: {fileID: 142402}
  m_LocalRotation: {x: -.109096006, y: .331796169, z: .0273306929, w: .936622858}
  m_LocalPosition: {x: -.113258414, y: 0, z: 0}
  m_LocalScale: {x: 1, y: 1, z: 1}
  m_Children:
  - {fileID: 442404}
  - {fileID: 442406}
  m_Father: {fileID: 442382}
  m_RootOrder: 0
--- !u!4 &442404
Transform:
  m_ObjectHideFlags: 1
  m_PrefabParentObject: {fileID: 0}
  m_PrefabInternal: {fileID: 100100000}
  m_GameObject: {fileID: 142404}
  m_LocalRotation: {x: -.000906337285, y: -.000100360608, z: .110059336, w: .993924618}
  m_LocalPosition: {x: -.224363089, y: 9.53674295e-09, z: -7.62939436e-08}
  m_LocalScale: {x: .99999994, y: 1, z: 1}
  m_Children:
  - {fileID: 442408}
  m_Father: {fileID: 442402}
  m_RootOrder: 0
--- !u!4 &442406
Transform:
  m_ObjectHideFlags: 1
  m_PrefabParentObject: {fileID: 0}
  m_PrefabInternal: {fileID: 100100000}
  m_GameObject: {fileID: 142408}
  m_LocalRotation: {x: 7.40531902e-09, y: 8.20006341e-10, z: .110059381, w: .993925035}
  m_LocalPosition: {x: -.224363089, y: 9.53674295e-09, z: -7.62939436e-08}
  m_LocalScale: {x: .99999994, y: .99999994, z: .999999881}
  m_Children:
  - {fileID: 442410}
  m_Father: {fileID: 442402}
  m_RootOrder: 1
--- !u!4 &442408
Transform:
  m_ObjectHideFlags: 1
  m_PrefabParentObject: {fileID: 0}
  m_PrefabInternal: {fileID: 100100000}
  m_GameObject: {fileID: 142406}
  m_LocalRotation: {x: -.000911884417, y: -2.98091045e-08, z: 7.42340145e-09, w: .999999583}
  m_LocalPosition: {x: -.100107305, y: 0, z: 0}
  m_LocalScale: {x: .99999994, y: 1, z: .999999881}
  m_Children: []
  m_Father: {fileID: 442404}
  m_RootOrder: 0
--- !u!4 &442410
Transform:
  m_ObjectHideFlags: 1
  m_PrefabParentObject: {fileID: 0}
  m_PrefabInternal: {fileID: 100100000}
  m_GameObject: {fileID: 142410}
  m_LocalRotation: {x: .703505099, y: -.0485603362, z: -.0207755174, w: .708724797}
  m_LocalPosition: {x: -.200214654, y: 0, z: 7.62939436e-08}
  m_LocalScale: {x: 1, y: .99999994, z: 1}
  m_Children:
  - {fileID: 442412}
  - {fileID: 442414}
  m_Father: {fileID: 442406}
  m_RootOrder: 0
--- !u!4 &442412
Transform:
  m_ObjectHideFlags: 1
  m_PrefabParentObject: {fileID: 0}
  m_PrefabInternal: {fileID: 100100000}
  m_GameObject: {fileID: 142412}
  m_LocalRotation: {x: 3.2782529e-07, y: -1.08033362e-07, z: -1.78813707e-07, w: 1}
  m_LocalPosition: {x: -.0829437599, y: .0489760563, z: -.00363756181}
  m_LocalScale: {x: 1.00000107, y: 1.00000072, z: 1}
  m_Children: []
  m_Father: {fileID: 442410}
  m_RootOrder: 0
--- !u!4 &442414
Transform:
  m_ObjectHideFlags: 1
  m_PrefabParentObject: {fileID: 0}
  m_PrefabInternal: {fileID: 100100000}
  m_GameObject: {fileID: 142414}
  m_LocalRotation: {x: .00191765744, y: .0174207054, z: -.087135531, w: .996042311}
  m_LocalPosition: {x: -.0874636844, y: .00237701414, z: .00750932656}
  m_LocalScale: {x: 1, y: 1, z: 1}
  m_Children:
  - {fileID: 442416}
  m_Father: {fileID: 442410}
  m_RootOrder: 1
--- !u!4 &442416
Transform:
  m_ObjectHideFlags: 1
  m_PrefabParentObject: {fileID: 0}
  m_PrefabInternal: {fileID: 100100000}
  m_GameObject: {fileID: 142416}
  m_LocalRotation: {x: 0, y: 0, z: -.0440859646, w: .999027729}
  m_LocalPosition: {x: -.0387239456, y: 1.52587887e-07, z: 1.90734859e-08}
  m_LocalScale: {x: .999999821, y: .999999881, z: .99999994}
  m_Children: []
  m_Father: {fileID: 442414}
  m_RootOrder: 0
--- !u!65 &6542348
BoxCollider:
  m_ObjectHideFlags: 1
  m_PrefabParentObject: {fileID: 0}
  m_PrefabInternal: {fileID: 100100000}
  m_GameObject: {fileID: 142354}
  m_Material: {fileID: 0}
  m_IsTrigger: 1
  m_Enabled: 1
  serializedVersion: 2
  m_Size: {x: .449999988, y: .230000004, z: .200000003}
  m_Center: {x: -.170000002, y: .00999999978, z: .0199999996}
--- !u!65 &6542350
BoxCollider:
  m_ObjectHideFlags: 1
  m_PrefabParentObject: {fileID: 0}
  m_PrefabInternal: {fileID: 100100000}
  m_GameObject: {fileID: 142356}
  m_Material: {fileID: 0}
  m_IsTrigger: 1
  m_Enabled: 1
  serializedVersion: 2
  m_Size: {x: .550000012, y: .200000003, z: .150000006}
  m_Center: {x: -.280000001, y: 0, z: 0}
--- !u!65 &6542352
BoxCollider:
  m_ObjectHideFlags: 1
  m_PrefabParentObject: {fileID: 0}
  m_PrefabInternal: {fileID: 100100000}
  m_GameObject: {fileID: 142364}
  m_Material: {fileID: 0}
  m_IsTrigger: 1
  m_Enabled: 1
  serializedVersion: 2
  m_Size: {x: .449999988, y: .230000004, z: .200000003}
  m_Center: {x: -.170000002, y: .00999999978, z: -.0199999996}
--- !u!65 &6542354
BoxCollider:
  m_ObjectHideFlags: 1
  m_PrefabParentObject: {fileID: 0}
  m_PrefabInternal: {fileID: 100100000}
  m_GameObject: {fileID: 142366}
  m_Material: {fileID: 0}
  m_IsTrigger: 1
  m_Enabled: 1
  serializedVersion: 2
  m_Size: {x: .550000012, y: .200000003, z: .140000001}
  m_Center: {x: -.280000001, y: -.0199999996, z: 0}
--- !u!65 &6542356
BoxCollider:
  m_ObjectHideFlags: 1
  m_PrefabParentObject: {fileID: 0}
  m_PrefabInternal: {fileID: 100100000}
  m_GameObject: {fileID: 142374}
  m_Material: {fileID: 0}
  m_IsTrigger: 1
  m_Enabled: 1
  serializedVersion: 2
  m_Size: {x: .680000007, y: .300000012, z: .400000006}
  m_Center: {x: .0700000003, y: -.0199999996, z: 0}
--- !u!65 &6542358
BoxCollider:
  m_ObjectHideFlags: 1
  m_PrefabParentObject: {fileID: 0}
  m_PrefabInternal: {fileID: 100100000}
  m_GameObject: {fileID: 142378}
  m_Material: {fileID: 0}
  m_IsTrigger: 1
  m_Enabled: 1
  serializedVersion: 2
  m_Size: {x: .280000001, y: .25999999, z: .230000004}
  m_Center: {x: -.0799999982, y: .0199999996, z: 0}
--- !u!65 &6542360
BoxCollider:
  m_ObjectHideFlags: 1
  m_PrefabParentObject: {fileID: 0}
  m_PrefabInternal: {fileID: 100100000}
  m_GameObject: {fileID: 142384}
  m_Material: {fileID: 0}
  m_IsTrigger: 1
  m_Enabled: 1
  serializedVersion: 2
  m_Size: {x: .280000001, y: .129999995, z: .119999997}
  m_Center: {x: -.0900000036, y: 0, z: -.0149999997}
--- !u!65 &6542362
BoxCollider:
  m_ObjectHideFlags: 1
  m_PrefabParentObject: {fileID: 0}
  m_PrefabInternal: {fileID: 100100000}
  m_GameObject: {fileID: 142390}
  m_Material: {fileID: 0}
  m_IsTrigger: 1
  m_Enabled: 1
  serializedVersion: 2
  m_Size: {x: .319999993, y: .100000001, z: .100000001}
  m_Center: {x: -.170000002, y: -.00200000009, z: 0}
--- !u!65 &6542364
BoxCollider:
  m_ObjectHideFlags: 1
  m_PrefabParentObject: {fileID: 0}
  m_PrefabInternal: {fileID: 100100000}
  m_GameObject: {fileID: 142402}
  m_Material: {fileID: 0}
  m_IsTrigger: 1
  m_Enabled: 1
  serializedVersion: 2
  m_Size: {x: .25999999, y: .129999995, z: .109999999}
  m_Center: {x: -.0900000036, y: 0, z: .0149999997}
--- !u!65 &6542366
BoxCollider:
  m_ObjectHideFlags: 1
  m_PrefabParentObject: {fileID: 0}
  m_PrefabInternal: {fileID: 100100000}
  m_GameObject: {fileID: 142408}
  m_Material: {fileID: 0}
  m_IsTrigger: 1
  m_Enabled: 1
  serializedVersion: 2
  m_Size: {x: .319999993, y: .100000001, z: .100000001}
  m_Center: {x: -.170000002, y: -.00200000009, z: 0}
--- !u!95 &9542348
Animator:
  serializedVersion: 3
  m_ObjectHideFlags: 1
  m_PrefabParentObject: {fileID: 0}
  m_PrefabInternal: {fileID: 100100000}
  m_GameObject: {fileID: 142348}
  m_Enabled: 1
  m_Avatar: {fileID: 9000000, guid: c3d79d376036ba14fa32e0dd7addb486, type: 3}
  m_Controller: {fileID: 9100000, guid: df6fd930a3d9e03419a13a7f05282f39, type: 2}
  m_CullingMode: 1
  m_UpdateMode: 0
  m_ApplyRootMotion: 1
  m_HasTransformHierarchy: 1
  m_AllowConstantClipSamplingOptimization: 1
--- !u!137 &13742348
SkinnedMeshRenderer:
  m_ObjectHideFlags: 1
  m_PrefabParentObject: {fileID: 0}
  m_PrefabInternal: {fileID: 100100000}
  m_GameObject: {fileID: 142352}
  m_Enabled: 1
  m_CastShadows: 1
  m_ReceiveShadows: 1
  m_LightmapIndex: 255
  m_LightmapTilingOffset: {x: 1, y: 1, z: 0, w: 0}
  m_Materials:
  - {fileID: 2100000, guid: 47bea3ed328f4854e81696e979c84167, type: 2}
  m_SubsetIndices: 
  m_StaticBatchRoot: {fileID: 0}
  m_UseLightProbes: 0
  m_LightProbeAnchor: {fileID: 0}
  m_ScaleInLightmap: 1
  m_SortingLayerID: 0
  m_SortingOrder: 0
  serializedVersion: 2
  m_Quality: 0
  m_UpdateWhenOffscreen: 0
  m_Mesh: {fileID: 4300000, guid: c3d79d376036ba14fa32e0dd7addb486, type: 3}
  m_Bones:
  - {fileID: 442388}
  - {fileID: 442386}
  - {fileID: 442364}
  - {fileID: 442362}
  - {fileID: 442354}
  - {fileID: 442356}
  - {fileID: 442380}
  - {fileID: 442374}
  - {fileID: 442376}
  - {fileID: 442360}
  - {fileID: 442378}
  - {fileID: 442392}
  - {fileID: 442366}
  - {fileID: 442394}
  - {fileID: 442398}
  - {fileID: 442400}
  - {fileID: 442384}
  - {fileID: 442358}
  - {fileID: 442404}
  - {fileID: 442402}
  - {fileID: 442370}
  - {fileID: 442368}
  - {fileID: 442382}
  - {fileID: 442408}
  - {fileID: 442372}
  - {fileID: 442410}
  - {fileID: 442414}
  - {fileID: 442416}
  m_BlendShapeWeights: []
  m_RootBone: {fileID: 442360}
  m_AABB:
    m_Center: {x: .236762851, y: -.138150454, z: 8.94069672e-08}
    m_Extent: {x: .924039006, y: .289617419, z: .585309029}
  m_DirtyAABB: 0
--- !u!1001 &100100000
Prefab:
  m_ObjectHideFlags: 1
  serializedVersion: 2
  m_Modification:
    m_TransformParent: {fileID: 0}
    m_Modifications: []
    m_RemovedComponents: []
  m_ParentPrefab: {fileID: 0}
  m_RootGameObject: {fileID: 142348}
  m_IsPrefabParent: 1
  m_IsExploded: 1
