%YAML 1.1
%TAG !u! tag:unity3d.com,2011:
--- !u!1 &165056
GameObject:
  m_ObjectHideFlags: 1
  m_PrefabParentObject: {fileID: 0}
  m_PrefabInternal: {fileID: 100100000}
  serializedVersion: 4
  m_Component:
  - 4: {fileID: 465056}
  m_Layer: 0
  m_Name: Bip_RightHandThumb2
  m_TagString: Untagged
  m_Icon: {fileID: 0}
  m_NavMeshLayer: 0
  m_StaticEditorFlags: 0
  m_IsActive: 1
--- !u!1 &165058
GameObject:
  m_ObjectHideFlags: 1
  m_PrefabParentObject: {fileID: 0}
  m_PrefabInternal: {fileID: 100100000}
  serializedVersion: 4
  m_Component:
  - 4: {fileID: 465062}
  m_Layer: 0
  m_Name: Bip_RightHandThumb1
  m_TagString: Untagged
  m_Icon: {fileID: 0}
  m_NavMeshLayer: 0
  m_StaticEditorFlags: 0
  m_IsActive: 1
--- !u!1 &165060
GameObject:
  m_ObjectHideFlags: 1
  m_PrefabParentObject: {fileID: 0}
  m_PrefabInternal: {fileID: 100100000}
  serializedVersion: 4
  m_Component:
  - 4: {fileID: 465058}
  m_Layer: 0
  m_Name: Bip_RightHandMiddle2
  m_TagString: Untagged
  m_Icon: {fileID: 0}
  m_NavMeshLayer: 0
  m_StaticEditorFlags: 0
  m_IsActive: 1
--- !u!1 &165062
GameObject:
  m_ObjectHideFlags: 1
  m_PrefabParentObject: {fileID: 0}
  m_PrefabInternal: {fileID: 100100000}
  serializedVersion: 4
  m_Component:
  - 4: {fileID: 465064}
  m_Layer: 0
  m_Name: Bip_RightHandMiddle1
  m_TagString: Untagged
  m_Icon: {fileID: 0}
  m_NavMeshLayer: 0
  m_StaticEditorFlags: 0
  m_IsActive: 1
--- !u!1 &165064
GameObject:
  m_ObjectHideFlags: 1
  m_PrefabParentObject: {fileID: 0}
  m_PrefabInternal: {fileID: 100100000}
  serializedVersion: 4
  m_Component:
  - 4: {fileID: 465060}
  m_Layer: 0
  m_Name: Bip_RightHandIndex2
  m_TagString: Untagged
  m_Icon: {fileID: 0}
  m_NavMeshLayer: 0
  m_StaticEditorFlags: 0
  m_IsActive: 1
--- !u!1 &165066
GameObject:
  m_ObjectHideFlags: 1
  m_PrefabParentObject: {fileID: 0}
  m_PrefabInternal: {fileID: 100100000}
  serializedVersion: 4
  m_Component:
  - 4: {fileID: 465066}
  m_Layer: 0
  m_Name: Bip_RightHandIndex1
  m_TagString: Untagged
  m_Icon: {fileID: 0}
  m_NavMeshLayer: 0
  m_StaticEditorFlags: 0
  m_IsActive: 1
--- !u!1 &165068
GameObject:
  m_ObjectHideFlags: 1
  m_PrefabParentObject: {fileID: 0}
  m_PrefabInternal: {fileID: 100100000}
  serializedVersion: 4
  m_Component:
  - 4: {fileID: 465068}
  m_Layer: 0
  m_Name: Bip_RightHandCenter
  m_TagString: Untagged
  m_Icon: {fileID: 0}
  m_NavMeshLayer: 0
  m_StaticEditorFlags: 0
  m_IsActive: 1
--- !u!1 &165070
GameObject:
  m_ObjectHideFlags: 1
  m_PrefabParentObject: {fileID: 0}
  m_PrefabInternal: {fileID: 100100000}
  serializedVersion: 4
  m_Component:
  - 4: {fileID: 465070}
  m_Layer: 0
  m_Name: Bip_RightHand
  m_TagString: Untagged
  m_Icon: {fileID: 0}
  m_NavMeshLayer: 0
  m_StaticEditorFlags: 0
  m_IsActive: 1
--- !u!1 &165072
GameObject:
  m_ObjectHideFlags: 1
  m_PrefabParentObject: {fileID: 0}
  m_PrefabInternal: {fileID: 100100000}
  serializedVersion: 4
  m_Component:
  - 4: {fileID: 465074}
  m_Layer: 0
  m_Name: Bip_RightLowerArm
  m_TagString: Untagged
  m_Icon: {fileID: 0}
  m_NavMeshLayer: 0
  m_StaticEditorFlags: 0
  m_IsActive: 1
--- !u!1 &165074
GameObject:
  m_ObjectHideFlags: 1
  m_PrefabParentObject: {fileID: 0}
  m_PrefabInternal: {fileID: 100100000}
  serializedVersion: 4
  m_Component:
  - 4: {fileID: 465072}
  m_Layer: 0
  m_Name: Bip_Hips R ForeTwist1
  m_TagString: Untagged
  m_Icon: {fileID: 0}
  m_NavMeshLayer: 0
  m_StaticEditorFlags: 0
  m_IsActive: 1
--- !u!1 &165076
GameObject:
  m_ObjectHideFlags: 1
  m_PrefabParentObject: {fileID: 0}
  m_PrefabInternal: {fileID: 100100000}
  serializedVersion: 4
  m_Component:
  - 4: {fileID: 465076}
  m_Layer: 0
  m_Name: Bip_Hips R ForeTwist
  m_TagString: Untagged
  m_Icon: {fileID: 0}
  m_NavMeshLayer: 0
  m_StaticEditorFlags: 0
  m_IsActive: 1
--- !u!1 &165078
GameObject:
  m_ObjectHideFlags: 1
  m_PrefabParentObject: {fileID: 0}
  m_PrefabInternal: {fileID: 100100000}
  serializedVersion: 4
  m_Component:
  - 4: {fileID: 465078}
  m_Layer: 0
  m_Name: Bip_RightUpperArm
  m_TagString: Untagged
  m_Icon: {fileID: 0}
  m_NavMeshLayer: 0
  m_StaticEditorFlags: 0
  m_IsActive: 1
--- !u!1 &165080
GameObject:
  m_ObjectHideFlags: 1
  m_PrefabParentObject: {fileID: 0}
  m_PrefabInternal: {fileID: 100100000}
  serializedVersion: 4
  m_Component:
  - 4: {fileID: 465104}
  m_Layer: 0
  m_Name: Bip_RightShoulder
  m_TagString: Untagged
  m_Icon: {fileID: 0}
  m_NavMeshLayer: 0
  m_StaticEditorFlags: 0
  m_IsActive: 1
--- !u!1 &165082
GameObject:
  m_ObjectHideFlags: 1
  m_PrefabParentObject: {fileID: 0}
  m_PrefabInternal: {fileID: 100100000}
  serializedVersion: 4
  m_Component:
  - 4: {fileID: 465080}
  m_Layer: 0
  m_Name: Bip_LeftHandThumb2
  m_TagString: Untagged
  m_Icon: {fileID: 0}
  m_NavMeshLayer: 0
  m_StaticEditorFlags: 0
  m_IsActive: 1
--- !u!1 &165084
GameObject:
  m_ObjectHideFlags: 1
  m_PrefabParentObject: {fileID: 0}
  m_PrefabInternal: {fileID: 100100000}
  serializedVersion: 4
  m_Component:
  - 4: {fileID: 465086}
  m_Layer: 0
  m_Name: Bip_LeftHandThumb1
  m_TagString: Untagged
  m_Icon: {fileID: 0}
  m_NavMeshLayer: 0
  m_StaticEditorFlags: 0
  m_IsActive: 1
--- !u!1 &165086
GameObject:
  m_ObjectHideFlags: 1
  m_PrefabParentObject: {fileID: 0}
  m_PrefabInternal: {fileID: 100100000}
  serializedVersion: 4
  m_Component:
  - 4: {fileID: 465082}
  m_Layer: 0
  m_Name: Bip_LeftHandMiddle2
  m_TagString: Untagged
  m_Icon: {fileID: 0}
  m_NavMeshLayer: 0
  m_StaticEditorFlags: 0
  m_IsActive: 1
--- !u!1 &165088
GameObject:
  m_ObjectHideFlags: 1
  m_PrefabParentObject: {fileID: 0}
  m_PrefabInternal: {fileID: 100100000}
  serializedVersion: 4
  m_Component:
  - 4: {fileID: 465088}
  m_Layer: 0
  m_Name: Bip_LeftHandMiddle1
  m_TagString: Untagged
  m_Icon: {fileID: 0}
  m_NavMeshLayer: 0
  m_StaticEditorFlags: 0
  m_IsActive: 1
--- !u!1 &165090
GameObject:
  m_ObjectHideFlags: 1
  m_PrefabParentObject: {fileID: 0}
  m_PrefabInternal: {fileID: 100100000}
  serializedVersion: 4
  m_Component:
  - 4: {fileID: 465084}
  m_Layer: 0
  m_Name: Bip_LeftHandIndex2
  m_TagString: Untagged
  m_Icon: {fileID: 0}
  m_NavMeshLayer: 0
  m_StaticEditorFlags: 0
  m_IsActive: 1
--- !u!1 &165092
GameObject:
  m_ObjectHideFlags: 1
  m_PrefabParentObject: {fileID: 0}
  m_PrefabInternal: {fileID: 100100000}
  serializedVersion: 4
  m_Component:
  - 4: {fileID: 465090}
  m_Layer: 0
  m_Name: Bip_LeftHandIndex1
  m_TagString: Untagged
  m_Icon: {fileID: 0}
  m_NavMeshLayer: 0
  m_StaticEditorFlags: 0
  m_IsActive: 1
--- !u!1 &165094
GameObject:
  m_ObjectHideFlags: 1
  m_PrefabParentObject: {fileID: 0}
  m_PrefabInternal: {fileID: 100100000}
  serializedVersion: 4
  m_Component:
  - 4: {fileID: 465092}
  m_Layer: 0
  m_Name: Bip_LeftHandCenter
  m_TagString: Untagged
  m_Icon: {fileID: 0}
  m_NavMeshLayer: 0
  m_StaticEditorFlags: 0
  m_IsActive: 1
--- !u!1 &165096
GameObject:
  m_ObjectHideFlags: 1
  m_PrefabParentObject: {fileID: 0}
  m_PrefabInternal: {fileID: 100100000}
  serializedVersion: 4
  m_Component:
  - 4: {fileID: 465094}
  m_Layer: 0
  m_Name: Bip_LeftHand
  m_TagString: Untagged
  m_Icon: {fileID: 0}
  m_NavMeshLayer: 0
  m_StaticEditorFlags: 0
  m_IsActive: 1
--- !u!1 &165098
GameObject:
  m_ObjectHideFlags: 1
  m_PrefabParentObject: {fileID: 0}
  m_PrefabInternal: {fileID: 100100000}
  serializedVersion: 4
  m_Component:
  - 4: {fileID: 465098}
  m_Layer: 0
  m_Name: Bip_LeftLowerArm
  m_TagString: Untagged
  m_Icon: {fileID: 0}
  m_NavMeshLayer: 0
  m_StaticEditorFlags: 0
  m_IsActive: 1
--- !u!1 &165100
GameObject:
  m_ObjectHideFlags: 1
  m_PrefabParentObject: {fileID: 0}
  m_PrefabInternal: {fileID: 100100000}
  serializedVersion: 4
  m_Component:
  - 4: {fileID: 465096}
  m_Layer: 0
  m_Name: Bip_Hips L ForeTwist1
  m_TagString: Untagged
  m_Icon: {fileID: 0}
  m_NavMeshLayer: 0
  m_StaticEditorFlags: 0
  m_IsActive: 1
--- !u!1 &165102
GameObject:
  m_ObjectHideFlags: 1
  m_PrefabParentObject: {fileID: 0}
  m_PrefabInternal: {fileID: 100100000}
  serializedVersion: 4
  m_Component:
  - 4: {fileID: 465100}
  m_Layer: 0
  m_Name: Bip_Hips L ForeTwist
  m_TagString: Untagged
  m_Icon: {fileID: 0}
  m_NavMeshLayer: 0
  m_StaticEditorFlags: 0
  m_IsActive: 1
--- !u!1 &165104
GameObject:
  m_ObjectHideFlags: 1
  m_PrefabParentObject: {fileID: 0}
  m_PrefabInternal: {fileID: 100100000}
  serializedVersion: 4
  m_Component:
  - 4: {fileID: 465102}
  m_Layer: 0
  m_Name: Bip_LeftUpperArm
  m_TagString: Untagged
  m_Icon: {fileID: 0}
  m_NavMeshLayer: 0
  m_StaticEditorFlags: 0
  m_IsActive: 1
--- !u!1 &165106
GameObject:
  m_ObjectHideFlags: 1
  m_PrefabParentObject: {fileID: 0}
  m_PrefabInternal: {fileID: 100100000}
  serializedVersion: 4
  m_Component:
  - 4: {fileID: 465106}
  m_Layer: 0
  m_Name: Bip_LeftShoulder
  m_TagString: Untagged
  m_Icon: {fileID: 0}
  m_NavMeshLayer: 0
  m_StaticEditorFlags: 0
  m_IsActive: 1
--- !u!1 &165108
GameObject:
  m_ObjectHideFlags: 1
  m_PrefabParentObject: {fileID: 0}
  m_PrefabInternal: {fileID: 100100000}
  serializedVersion: 4
  m_Component:
  - 4: {fileID: 465108}
  m_Layer: 0
  m_Name: Bip_Head
  m_TagString: Untagged
  m_Icon: {fileID: 0}
  m_NavMeshLayer: 0
  m_StaticEditorFlags: 0
  m_IsActive: 1
--- !u!1 &165110
GameObject:
  m_ObjectHideFlags: 1
  m_PrefabParentObject: {fileID: 0}
  m_PrefabInternal: {fileID: 100100000}
  serializedVersion: 4
  m_Component:
  - 4: {fileID: 465110}
  m_Layer: 0
  m_Name: Bip_Neck
  m_TagString: Untagged
  m_Icon: {fileID: 0}
  m_NavMeshLayer: 0
  m_StaticEditorFlags: 0
  m_IsActive: 1
--- !u!1 &165112
GameObject:
  m_ObjectHideFlags: 1
  m_PrefabParentObject: {fileID: 0}
  m_PrefabInternal: {fileID: 100100000}
  serializedVersion: 4
  m_Component:
  - 4: {fileID: 465112}
  m_Layer: 0
  m_Name: Bip_Hips Xtra01Opp
  m_TagString: Untagged
  m_Icon: {fileID: 0}
  m_NavMeshLayer: 0
  m_StaticEditorFlags: 0
  m_IsActive: 1
--- !u!1 &165114
GameObject:
  m_ObjectHideFlags: 1
  m_PrefabParentObject: {fileID: 0}
  m_PrefabInternal: {fileID: 100100000}
  serializedVersion: 4
  m_Component:
  - 4: {fileID: 465114}
  m_Layer: 0
  m_Name: Bip_Hips Xtra01
  m_TagString: Untagged
  m_Icon: {fileID: 0}
  m_NavMeshLayer: 0
  m_StaticEditorFlags: 0
  m_IsActive: 1
--- !u!1 &165116
GameObject:
  m_ObjectHideFlags: 1
  m_PrefabParentObject: {fileID: 0}
  m_PrefabInternal: {fileID: 100100000}
  serializedVersion: 4
  m_Component:
  - 4: {fileID: 465116}
  m_Layer: 0
  m_Name: Bip_Chest
  m_TagString: Untagged
  m_Icon: {fileID: 0}
  m_NavMeshLayer: 0
  m_StaticEditorFlags: 0
  m_IsActive: 1
--- !u!1 &165118
GameObject:
  m_ObjectHideFlags: 1
  m_PrefabParentObject: {fileID: 0}
  m_PrefabInternal: {fileID: 100100000}
  serializedVersion: 4
  m_Component:
  - 4: {fileID: 465130}
  m_Layer: 0
  m_Name: Bip_Spine
  m_TagString: Untagged
  m_Icon: {fileID: 0}
  m_NavMeshLayer: 0
  m_StaticEditorFlags: 0
  m_IsActive: 1
--- !u!1 &165120
GameObject:
  m_ObjectHideFlags: 1
  m_PrefabParentObject: {fileID: 0}
  m_PrefabInternal: {fileID: 100100000}
  serializedVersion: 4
  m_Component:
  - 4: {fileID: 465118}
  m_Layer: 0
  m_Name: Bip_RightToe
  m_TagString: Untagged
  m_Icon: {fileID: 0}
  m_NavMeshLayer: 0
  m_StaticEditorFlags: 0
  m_IsActive: 1
--- !u!1 &165122
GameObject:
  m_ObjectHideFlags: 1
  m_PrefabParentObject: {fileID: 0}
  m_PrefabInternal: {fileID: 100100000}
  serializedVersion: 4
  m_Component:
  - 4: {fileID: 465120}
  m_Layer: 0
  m_Name: Bip_RightFoot
  m_TagString: Untagged
  m_Icon: {fileID: 0}
  m_NavMeshLayer: 0
  m_StaticEditorFlags: 0
  m_IsActive: 1
--- !u!1 &165124
GameObject:
  m_ObjectHideFlags: 1
  m_PrefabParentObject: {fileID: 0}
  m_PrefabInternal: {fileID: 100100000}
  serializedVersion: 4
  m_Component:
  - 4: {fileID: 465122}
  m_Layer: 0
  m_Name: Bip_RightLowerLeg
  m_TagString: Untagged
  m_Icon: {fileID: 0}
  m_NavMeshLayer: 0
  m_StaticEditorFlags: 0
  m_IsActive: 1
--- !u!1 &165126
GameObject:
  m_ObjectHideFlags: 1
  m_PrefabParentObject: {fileID: 0}
  m_PrefabInternal: {fileID: 100100000}
  serializedVersion: 4
  m_Component:
  - 4: {fileID: 465132}
  m_Layer: 0
  m_Name: Bip_RightUpperLeg
  m_TagString: Untagged
  m_Icon: {fileID: 0}
  m_NavMeshLayer: 0
  m_StaticEditorFlags: 0
  m_IsActive: 1
--- !u!1 &165128
GameObject:
  m_ObjectHideFlags: 1
  m_PrefabParentObject: {fileID: 0}
  m_PrefabInternal: {fileID: 100100000}
  serializedVersion: 4
  m_Component:
  - 4: {fileID: 465134}
  m_Layer: 0
  m_Name: Bip_Pelvis
  m_TagString: Untagged
  m_Icon: {fileID: 0}
  m_NavMeshLayer: 0
  m_StaticEditorFlags: 0
  m_IsActive: 1
--- !u!1 &165130
GameObject:
  m_ObjectHideFlags: 1
  m_PrefabParentObject: {fileID: 0}
  m_PrefabInternal: {fileID: 100100000}
  serializedVersion: 4
  m_Component:
  - 4: {fileID: 465124}
  m_Layer: 0
  m_Name: Bip_LeftToe
  m_TagString: Untagged
  m_Icon: {fileID: 0}
  m_NavMeshLayer: 0
  m_StaticEditorFlags: 0
  m_IsActive: 1
--- !u!1 &165132
GameObject:
  m_ObjectHideFlags: 1
  m_PrefabParentObject: {fileID: 0}
  m_PrefabInternal: {fileID: 100100000}
  serializedVersion: 4
  m_Component:
  - 4: {fileID: 465126}
  m_Layer: 0
  m_Name: Bip_LeftFoot
  m_TagString: Untagged
  m_Icon: {fileID: 0}
  m_NavMeshLayer: 0
  m_StaticEditorFlags: 0
  m_IsActive: 1
--- !u!1 &165134
GameObject:
  m_ObjectHideFlags: 1
  m_PrefabParentObject: {fileID: 0}
  m_PrefabInternal: {fileID: 100100000}
  serializedVersion: 4
  m_Component:
  - 4: {fileID: 465128}
  m_Layer: 0
  m_Name: Bip_LeftLowerLeg
  m_TagString: Untagged
  m_Icon: {fileID: 0}
  m_NavMeshLayer: 0
  m_StaticEditorFlags: 0
  m_IsActive: 1
--- !u!1 &165136
GameObject:
  m_ObjectHideFlags: 1
  m_PrefabParentObject: {fileID: 0}
  m_PrefabInternal: {fileID: 100100000}
  serializedVersion: 4
  m_Component:
  - 4: {fileID: 465136}
  m_Layer: 0
  m_Name: Bip_LeftUpperLeg
  m_TagString: Untagged
  m_Icon: {fileID: 0}
  m_NavMeshLayer: 0
  m_StaticEditorFlags: 0
  m_IsActive: 1
--- !u!1 &165138
GameObject:
  m_ObjectHideFlags: 0
  m_PrefabParentObject: {fileID: 0}
  m_PrefabInternal: {fileID: 100100000}
  serializedVersion: 4
  m_Component:
  - 4: {fileID: 465138}
  - 137: {fileID: 13765142}
  m_Layer: 0
  m_Name: Box01
  m_TagString: Untagged
  m_Icon: {fileID: 0}
  m_NavMeshLayer: 0
  m_StaticEditorFlags: 0
  m_IsActive: 1
--- !u!1 &165140
GameObject:
  m_ObjectHideFlags: 0
  m_PrefabParentObject: {fileID: 0}
  m_PrefabInternal: {fileID: 100100000}
  serializedVersion: 4
  m_Component:
  - 4: {fileID: 465140}
  m_Layer: 0
  m_Name: Bip_Hips
  m_TagString: Untagged
  m_Icon: {fileID: 0}
  m_NavMeshLayer: 0
  m_StaticEditorFlags: 0
  m_IsActive: 1
--- !u!1 &165142
GameObject:
  m_ObjectHideFlags: 0
  m_PrefabParentObject: {fileID: 0}
  m_PrefabInternal: {fileID: 100100000}
  serializedVersion: 4
  m_Component:
  - 4: {fileID: 465142}
  - 95: {fileID: 9565142}
  m_Layer: 0
  m_Name: oumeinv2Hall
  m_TagString: Untagged
  m_Icon: {fileID: 0}
  m_NavMeshLayer: 0
  m_StaticEditorFlags: 0
  m_IsActive: 1
--- !u!1 &195318
GameObject:
  m_ObjectHideFlags: 1
  m_PrefabParentObject: {fileID: 0}
  m_PrefabInternal: {fileID: 100100000}
  serializedVersion: 4
  m_Component:
  - 4: {fileID: 495318}
  m_Layer: 0
  m_Name: Dec_head
  m_TagString: Untagged
  m_Icon: {fileID: 0}
  m_NavMeshLayer: 0
  m_StaticEditorFlags: 0
  m_IsActive: 1
--- !u!1 &195320
GameObject:
  m_ObjectHideFlags: 1
  m_PrefabParentObject: {fileID: 0}
  m_PrefabInternal: {fileID: 100100000}
  serializedVersion: 4
  m_Component:
  - 4: {fileID: 495320}
  m_Layer: 0
  m_Name: Dec_face
  m_TagString: Untagged
  m_Icon: {fileID: 0}
  m_NavMeshLayer: 0
  m_StaticEditorFlags: 0
  m_IsActive: 1
--- !u!1 &195322
GameObject:
  m_ObjectHideFlags: 1
  m_PrefabParentObject: {fileID: 0}
  m_PrefabInternal: {fileID: 100100000}
  serializedVersion: 4
  m_Component:
  - 4: {fileID: 495322}
  m_Layer: 0
  m_Name: Dec_shoulder
  m_TagString: Untagged
  m_Icon: {fileID: 0}
  m_NavMeshLayer: 0
  m_StaticEditorFlags: 0
  m_IsActive: 1
--- !u!1 &195324
GameObject:
  m_ObjectHideFlags: 1
  m_PrefabParentObject: {fileID: 0}
  m_PrefabInternal: {fileID: 100100000}
  serializedVersion: 4
  m_Component:
  - 4: {fileID: 495324}
  m_Layer: 0
  m_Name: Dec_waist
  m_TagString: Untagged
  m_Icon: {fileID: 0}
  m_NavMeshLayer: 0
  m_StaticEditorFlags: 0
  m_IsActive: 1
--- !u!4 &465056
Transform:
  m_ObjectHideFlags: 1
  m_PrefabParentObject: {fileID: 0}
  m_PrefabInternal: {fileID: 100100000}
  m_GameObject: {fileID: 165056}
  m_LocalRotation: {x: 6.82270063e-09, y: 1.37612899e-08, z: -.213635385, w: .976913452}
  m_LocalPosition: {x: -.0434022509, y: 3.81469718e-08, z: 0}
  m_LocalScale: {x: 1.00000012, y: 1.00000012, z: 1}
  m_Children: []
  m_Father: {fileID: 465062}
  m_RootOrder: 0
--- !u!4 &465058
Transform:
  m_ObjectHideFlags: 1
  m_PrefabParentObject: {fileID: 0}
  m_PrefabInternal: {fileID: 100100000}
  m_GameObject: {fileID: 165060}
  m_LocalRotation: {x: -1.32382807e-08, y: -2.11954791e-08, z: -.0945086479, w: .995524049}
  m_LocalPosition: {x: -.0370640159, y: 0, z: 1.90734859e-08}
  m_LocalScale: {x: 1, y: 1, z: .99999994}
  m_Children: []
  m_Father: {fileID: 465064}
  m_RootOrder: 0
--- !u!4 &465060
Transform:
  m_ObjectHideFlags: 1
  m_PrefabParentObject: {fileID: 0}
  m_PrefabInternal: {fileID: 100100000}
  m_GameObject: {fileID: 165064}
  m_LocalRotation: {x: -2.52035559e-10, y: -7.44631512e-09, z: -.0338276476, w: .999427676}
  m_LocalPosition: {x: -.0390880182, y: 0, z: 0}
  m_LocalScale: {x: 1.00000012, y: 1.00000012, z: 1.00000012}
  m_Children: []
  m_Father: {fileID: 465066}
  m_RootOrder: 0
--- !u!4 &465062
Transform:
  m_ObjectHideFlags: 1
  m_PrefabParentObject: {fileID: 0}
  m_PrefabInternal: {fileID: 100100000}
  m_GameObject: {fileID: 165058}
  m_LocalRotation: {x: -.610217512, y: .279251248, z: .0273416415, w: .740881741}
  m_LocalPosition: {x: -.0332432166, y: .0121408841, z: .0346116424}
  m_LocalScale: {x: 1.00000012, y: 1, z: 1}
  m_Children:
  - {fileID: 465056}
  m_Father: {fileID: 465070}
  m_RootOrder: 3
--- !u!4 &465064
Transform:
  m_ObjectHideFlags: 1
  m_PrefabParentObject: {fileID: 0}
  m_PrefabInternal: {fileID: 100100000}
  m_GameObject: {fileID: 165062}
  m_LocalRotation: {x: .0763625354, y: -.0190547239, z: -.0671641231, w: .994632959}
  m_LocalPosition: {x: -.0904143527, y: .00269950856, z: -.00518419268}
  m_LocalScale: {x: 1.00000036, y: 1.00000024, z: 1.00000012}
  m_Children:
  - {fileID: 465058}
  m_Father: {fileID: 465070}
  m_RootOrder: 2
--- !u!4 &465066
Transform:
  m_ObjectHideFlags: 1
  m_PrefabParentObject: {fileID: 0}
  m_PrefabInternal: {fileID: 100100000}
  m_GameObject: {fileID: 165066}
  m_LocalRotation: {x: .00564235635, y: .0253883004, z: -.0801147968, w: .996446311}
  m_LocalPosition: {x: -.0937890634, y: -.00299034105, z: .0310436245}
  m_LocalScale: {x: 1.00000012, y: .99999994, z: 1.00000012}
  m_Children:
  - {fileID: 465060}
  m_Father: {fileID: 465070}
  m_RootOrder: 1
--- !u!4 &465068
Transform:
  m_ObjectHideFlags: 1
  m_PrefabParentObject: {fileID: 0}
  m_PrefabInternal: {fileID: 100100000}
  m_GameObject: {fileID: 165068}
  m_LocalRotation: {x: 3.12924385e-07, y: -1.52736618e-07, z: 2.53319456e-07, w: 1}
  m_LocalPosition: {x: -.0829434916, y: .0489756763, z: -.00363772386}
  m_LocalScale: {x: 1.00000131, y: 1.00000012, z: 1.00000036}
  m_Children: []
  m_Father: {fileID: 465070}
  m_RootOrder: 0
--- !u!4 &465070
Transform:
  m_ObjectHideFlags: 1
  m_PrefabParentObject: {fileID: 0}
  m_PrefabInternal: {fileID: 100100000}
  m_GameObject: {fileID: 165070}
  m_LocalRotation: {x: .703505099, y: -.0485603362, z: -.0207755174, w: .708724797}
  m_LocalPosition: {x: -.20021461, y: 0, z: 7.62939436e-08}
  m_LocalScale: {x: 1, y: .99999994, z: 1}
  m_Children:
  - {fileID: 465068}
  - {fileID: 465066}
  - {fileID: 465064}
  - {fileID: 465062}
  m_Father: {fileID: 465074}
  m_RootOrder: 0
--- !u!4 &465072
Transform:
  m_ObjectHideFlags: 1
  m_PrefabParentObject: {fileID: 0}
  m_PrefabInternal: {fileID: 100100000}
  m_GameObject: {fileID: 165074}
  m_LocalRotation: {x: -.000911884417, y: -2.98091045e-08, z: 7.42340145e-09, w: .999999583}
  m_LocalPosition: {x: -.100107267, y: -1.90734859e-08, z: 0}
  m_LocalScale: {x: .99999994, y: 1, z: .999999881}
  m_Children: []
  m_Father: {fileID: 465076}
  m_RootOrder: 0
--- !u!4 &465074
Transform:
  m_ObjectHideFlags: 1
  m_PrefabParentObject: {fileID: 0}
  m_PrefabInternal: {fileID: 100100000}
  m_GameObject: {fileID: 165072}
  m_LocalRotation: {x: 7.40531902e-09, y: 8.20006341e-10, z: .110059381, w: .993925035}
  m_LocalPosition: {x: -.224363089, y: 0, z: -1.52587887e-07}
  m_LocalScale: {x: .99999994, y: .99999994, z: .999999881}
  m_Children:
  - {fileID: 465070}
  m_Father: {fileID: 465078}
  m_RootOrder: 1
--- !u!4 &465076
Transform:
  m_ObjectHideFlags: 1
  m_PrefabParentObject: {fileID: 0}
  m_PrefabInternal: {fileID: 100100000}
  m_GameObject: {fileID: 165076}
  m_LocalRotation: {x: -.000906337285, y: -.000100360608, z: .110059336, w: .993924618}
  m_LocalPosition: {x: -.224363089, y: 0, z: -1.52587887e-07}
  m_LocalScale: {x: .99999994, y: 1, z: 1}
  m_Children:
  - {fileID: 465072}
  m_Father: {fileID: 465078}
  m_RootOrder: 0
--- !u!4 &465078
Transform:
  m_ObjectHideFlags: 1
  m_PrefabParentObject: {fileID: 0}
  m_PrefabInternal: {fileID: 100100000}
  m_GameObject: {fileID: 165078}
  m_LocalRotation: {x: -.109095976, y: .331796169, z: .0273306984, w: .936622858}
  m_LocalPosition: {x: -.113258414, y: -3.81469718e-08, z: 0}
  m_LocalScale: {x: 1, y: 1, z: 1}
  m_Children:
  - {fileID: 465076}
  - {fileID: 465074}
  m_Father: {fileID: 465104}
  m_RootOrder: 0
--- !u!4 &465080
Transform:
  m_ObjectHideFlags: 1
  m_PrefabParentObject: {fileID: 0}
  m_PrefabInternal: {fileID: 100100000}
  m_GameObject: {fileID: 165082}
  m_LocalRotation: {x: 0, y: 0, z: -.21363534, w: .976913512}
  m_LocalPosition: {x: -.0434022509, y: 0, z: -7.62939436e-08}
  m_LocalScale: {x: 1.00000012, y: 1, z: 1}
  m_Children: []
  m_Father: {fileID: 465086}
  m_RootOrder: 0
--- !u!4 &465082
Transform:
  m_ObjectHideFlags: 1
  m_PrefabParentObject: {fileID: 0}
  m_PrefabInternal: {fileID: 100100000}
  m_GameObject: {fileID: 165086}
  m_LocalRotation: {x: -6.71308786e-09, y: 8.12137646e-09, z: -.0945087075, w: .995524049}
  m_LocalPosition: {x: -.0370640159, y: 0, z: 0}
  m_LocalScale: {x: 1, y: .99999994, z: 1}
  m_Children: []
  m_Father: {fileID: 465088}
  m_RootOrder: 0
--- !u!4 &465084
Transform:
  m_ObjectHideFlags: 1
  m_PrefabParentObject: {fileID: 0}
  m_PrefabInternal: {fileID: 100100000}
  m_GameObject: {fileID: 165090}
  m_LocalRotation: {x: 2.52035476e-10, y: 7.44631556e-09, z: -.0338276327, w: .999427676}
  m_LocalPosition: {x: -.0390880182, y: 0, z: 1.90734859e-08}
  m_LocalScale: {x: 1.00000012, y: 1.00000024, z: 1.00000012}
  m_Children: []
  m_Father: {fileID: 465090}
  m_RootOrder: 0
--- !u!4 &465086
Transform:
  m_ObjectHideFlags: 1
  m_PrefabParentObject: {fileID: 0}
  m_PrefabInternal: {fileID: 100100000}
  m_GameObject: {fileID: 165084}
  m_LocalRotation: {x: .610217512, y: -.279251277, z: .0273416806, w: .740881741}
  m_LocalPosition: {x: -.0332432166, y: .0121409604, z: -.0346116424}
  m_LocalScale: {x: .99999994, y: 1, z: 1}
  m_Children:
  - {fileID: 465080}
  m_Father: {fileID: 465094}
  m_RootOrder: 3
--- !u!4 &465088
Transform:
  m_ObjectHideFlags: 1
  m_PrefabParentObject: {fileID: 0}
  m_PrefabInternal: {fileID: 100100000}
  m_GameObject: {fileID: 165088}
  m_LocalRotation: {x: -.0763625428, y: .0190547183, z: -.0671641678, w: .994632959}
  m_LocalPosition: {x: -.09041439, y: .00269958493, z: .00518419268}
  m_LocalScale: {x: 1.00000012, y: 1.00000012, z: 1}
  m_Children:
  - {fileID: 465082}
  m_Father: {fileID: 465094}
  m_RootOrder: 2
--- !u!4 &465090
Transform:
  m_ObjectHideFlags: 1
  m_PrefabParentObject: {fileID: 0}
  m_PrefabInternal: {fileID: 100100000}
  m_GameObject: {fileID: 165092}
  m_LocalRotation: {x: -.00564235356, y: -.0253883116, z: -.0801147968, w: .996446311}
  m_LocalPosition: {x: -.0937890634, y: -.00299026491, z: -.0310436431}
  m_LocalScale: {x: .99999994, y: .999999881, z: 1.00000012}
  m_Children:
  - {fileID: 465084}
  m_Father: {fileID: 465094}
  m_RootOrder: 1
--- !u!4 &465092
Transform:
  m_ObjectHideFlags: 1
  m_PrefabParentObject: {fileID: 0}
  m_PrefabInternal: {fileID: 100100000}
  m_GameObject: {fileID: 165094}
  m_LocalRotation: {x: 4.17232172e-07, y: -1.49011683e-07, z: -2.98022709e-08, w: 1}
  m_LocalPosition: {x: -.0829437226, y: .0489760563, z: .0036357115}
  m_LocalScale: {x: .999999642, y: 1.00000083, z: 1.00000036}
  m_Children: []
  m_Father: {fileID: 465094}
  m_RootOrder: 0
--- !u!4 &465094
Transform:
  m_ObjectHideFlags: 1
  m_PrefabParentObject: {fileID: 0}
  m_PrefabInternal: {fileID: 100100000}
  m_GameObject: {fileID: 165096}
  m_LocalRotation: {x: -.703505099, y: .0485603511, z: -.0207754895, w: .708724797}
  m_LocalPosition: {x: -.20021461, y: 0, z: 0}
  m_LocalScale: {x: 1, y: .99999994, z: 1}
  m_Children:
  - {fileID: 465092}
  - {fileID: 465090}
  - {fileID: 465088}
  - {fileID: 465086}
  m_Father: {fileID: 465098}
  m_RootOrder: 0
--- !u!4 &465096
Transform:
  m_ObjectHideFlags: 1
  m_PrefabParentObject: {fileID: 0}
  m_PrefabInternal: {fileID: 100100000}
  m_GameObject: {fileID: 165100}
  m_LocalRotation: {x: .000911869458, y: 0, z: -0, w: .999999583}
  m_LocalPosition: {x: -.100107267, y: 0, z: 0}
  m_LocalScale: {x: 1, y: 1, z: .999999881}
  m_Children: []
  m_Father: {fileID: 465100}
  m_RootOrder: 0
--- !u!4 &465098
Transform:
  m_ObjectHideFlags: 1
  m_PrefabParentObject: {fileID: 0}
  m_PrefabInternal: {fileID: 100100000}
  m_GameObject: {fileID: 165098}
  m_LocalRotation: {x: 0, y: 0, z: .110059351, w: .993925035}
  m_LocalPosition: {x: -.224363089, y: 0, z: 7.62939436e-08}
  m_LocalScale: {x: .99999994, y: 1, z: .999999881}
  m_Children:
  - {fileID: 465094}
  m_Father: {fileID: 465102}
  m_RootOrder: 1
--- !u!4 &465100
Transform:
  m_ObjectHideFlags: 1
  m_PrefabParentObject: {fileID: 0}
  m_PrefabInternal: {fileID: 100100000}
  m_GameObject: {fileID: 165102}
  m_LocalRotation: {x: .000906329893, y: .000100359764, z: .110059306, w: .993924618}
  m_LocalPosition: {x: -.224363089, y: 0, z: 7.62939436e-08}
  m_LocalScale: {x: .99999994, y: 1, z: 1}
  m_Children:
  - {fileID: 465096}
  m_Father: {fileID: 465102}
  m_RootOrder: 0
--- !u!4 &465102
Transform:
  m_ObjectHideFlags: 1
  m_PrefabParentObject: {fileID: 0}
  m_PrefabInternal: {fileID: 100100000}
  m_GameObject: {fileID: 165104}
  m_LocalRotation: {x: .109095953, y: -.331796199, z: .0273306835, w: .936622918}
  m_LocalPosition: {x: -.113258407, y: 0, z: 1.52587887e-07}
  m_LocalScale: {x: 1, y: .99999994, z: 1}
  m_Children:
  - {fileID: 465100}
  - {fileID: 465098}
  m_Father: {fileID: 465106}
  m_RootOrder: 0
--- !u!4 &465104
Transform:
  m_ObjectHideFlags: 1
  m_PrefabParentObject: {fileID: 0}
  m_PrefabInternal: {fileID: 100100000}
  m_GameObject: {fileID: 165080}
  m_LocalRotation: {x: .661657274, y: .1471809, z: .730022848, w: -.0872589275}
  m_LocalPosition: {x: .064283751, y: .0124681471, z: -.0398287661}
  m_LocalScale: {x: 1.00000012, y: .99999994, z: 1}
  m_Children:
  - {fileID: 465078}
  m_Father: {fileID: 465110}
  m_RootOrder: 2
--- !u!4 &465106
Transform:
  m_ObjectHideFlags: 1
  m_PrefabParentObject: {fileID: 0}
  m_PrefabInternal: {fileID: 100100000}
  m_GameObject: {fileID: 165106}
  m_LocalRotation: {x: -.661657512, y: -.147182956, z: .73002243, w: -.087257117}
  m_LocalPosition: {x: .064283751, y: .012467918, z: .0398286581}
  m_LocalScale: {x: 1, y: 1, z: 1}
  m_Children:
  - {fileID: 465102}
  m_Father: {fileID: 465110}
  m_RootOrder: 1
--- !u!4 &465108
Transform:
  m_ObjectHideFlags: 1
  m_PrefabParentObject: {fileID: 0}
  m_PrefabInternal: {fileID: 100100000}
  m_GameObject: {fileID: 165108}
  m_LocalRotation: {x: -2.19837661e-14, y: 1.03476495e-07, z: -.037306942, w: .999303877}
  m_LocalPosition: {x: -.0643635541, y: 0, z: -3.63797873e-14}
  m_LocalScale: {x: .99999994, y: .99999994, z: 1}
  m_Children:
  - {fileID: 495320}
  - {fileID: 495318}
  m_Father: {fileID: 465110}
  m_RootOrder: 0
--- !u!4 &465110
Transform:
  m_ObjectHideFlags: 1
  m_PrefabParentObject: {fileID: 0}
  m_PrefabInternal: {fileID: 100100000}
  m_GameObject: {fileID: 165110}
  m_LocalRotation: {x: 4.20795228e-14, y: 4.54090156e-07, z: -.163718686, w: .986507058}
  m_LocalPosition: {x: -.244896919, y: -.0364514925, z: -1.41220511e-08}
  m_LocalScale: {x: 1.00000012, y: 1.00000012, z: 1}
  m_Children:
  - {fileID: 465108}
  - {fileID: 465106}
  - {fileID: 465104}
  m_Father: {fileID: 465116}
  m_RootOrder: 2
--- !u!4 &465112
Transform:
  m_ObjectHideFlags: 1
  m_PrefabParentObject: {fileID: 0}
  m_PrefabInternal: {fileID: 100100000}
  m_GameObject: {fileID: 165112}
  m_LocalRotation: {x: .0642110482, y: .0589347221, z: -.673019111, w: .734471858}
  m_LocalPosition: {x: -.0623786151, y: .0550309345, z: .0718152002}
  m_LocalScale: {x: 1, y: 1.00000012, z: 1}
  m_Children: []
  m_Father: {fileID: 465116}
  m_RootOrder: 1
--- !u!4 &465114
Transform:
  m_ObjectHideFlags: 1
  m_PrefabParentObject: {fileID: 0}
  m_PrefabInternal: {fileID: 100100000}
  m_GameObject: {fileID: 165114}
  m_LocalRotation: {x: -.0642110482, y: -.0589308664, z: -.673019469, w: .734471858}
  m_LocalPosition: {x: -.0623786151, y: .0550313182, z: -.0718148872}
  m_LocalScale: {x: .99999994, y: .99999994, z: 1.00000012}
  m_Children: []
  m_Father: {fileID: 465116}
  m_RootOrder: 0
--- !u!4 &465116
Transform:
  m_ObjectHideFlags: 1
  m_PrefabParentObject: {fileID: 0}
  m_PrefabInternal: {fileID: 100100000}
  m_GameObject: {fileID: 165116}
  m_LocalRotation: {x: -4.71789694e-14, y: -4.65627409e-07, z: .16787833, w: .985807717}
  m_LocalPosition: {x: -.129845425, y: -.000183286669, z: -5.08371123e-10}
  m_LocalScale: {x: 1, y: 1, z: 1}
  m_Children:
  - {fileID: 465114}
  - {fileID: 465112}
  - {fileID: 465110}
  - {fileID: 495322}
  m_Father: {fileID: 465130}
  m_RootOrder: 0
--- !u!4 &465118
Transform:
  m_ObjectHideFlags: 1
  m_PrefabParentObject: {fileID: 0}
  m_PrefabInternal: {fileID: 100100000}
  m_GameObject: {fileID: 165120}
  m_LocalRotation: {x: -1.54543116e-08, y: 1.54543116e-08, z: -.707106829, w: .707106829}
  m_LocalPosition: {x: -.130510107, y: .11661163, z: 0}
  m_LocalScale: {x: 1, y: 1, z: 1}
  m_Children: []
  m_Father: {fileID: 465120}
  m_RootOrder: 0
--- !u!4 &465120
Transform:
  m_ObjectHideFlags: 1
  m_PrefabParentObject: {fileID: 0}
  m_PrefabInternal: {fileID: 100100000}
  m_GameObject: {fileID: 165122}
  m_LocalRotation: {x: .0629353747, y: -.0440242104, z: -.047592517, w: .995909631}
  m_LocalPosition: {x: -.477573991, y: 0, z: 1.90734859e-08}
  m_LocalScale: {x: .99999994, y: .99999994, z: .999999881}
  m_Children:
  - {fileID: 465118}
  m_Father: {fileID: 465122}
  m_RootOrder: 0
--- !u!4 &465122
Transform:
  m_ObjectHideFlags: 1
  m_PrefabParentObject: {fileID: 0}
  m_PrefabInternal: {fileID: 100100000}
  m_GameObject: {fileID: 165124}
  m_LocalRotation: {x: -2.79104473e-09, y: -1.27771863e-10, z: .0457313284, w: .998953819}
  m_LocalPosition: {x: -.403631002, y: -2.38418574e-09, z: 0}
  m_LocalScale: {x: 1.00000012, y: 1, z: 1}
  m_Children:
  - {fileID: 465120}
  m_Father: {fileID: 465132}
  m_RootOrder: 0
--- !u!4 &465124
Transform:
  m_ObjectHideFlags: 1
  m_PrefabParentObject: {fileID: 0}
  m_PrefabInternal: {fileID: 100100000}
  m_GameObject: {fileID: 165130}
  m_LocalRotation: {x: 1.54543116e-08, y: -1.54543116e-08, z: -.707106829, w: .707106829}
  m_LocalPosition: {x: -.130510107, y: .116611615, z: 0}
  m_LocalScale: {x: 1, y: 1, z: 1}
  m_Children: []
  m_Father: {fileID: 465126}
  m_RootOrder: 0
--- !u!4 &465126
Transform:
  m_ObjectHideFlags: 1
  m_PrefabParentObject: {fileID: 0}
  m_PrefabInternal: {fileID: 100100000}
  m_GameObject: {fileID: 165132}
  m_LocalRotation: {x: -.062935397, y: .044024121, z: -.0475925244, w: .995909631}
  m_LocalPosition: {x: -.477573991, y: 9.53674295e-09, z: -1.90734859e-08}
  m_LocalScale: {x: 1, y: .99999994, z: .999999881}
  m_Children:
  - {fileID: 465124}
  m_Father: {fileID: 465128}
  m_RootOrder: 0
--- !u!4 &465128
Transform:
  m_ObjectHideFlags: 1
  m_PrefabParentObject: {fileID: 0}
  m_PrefabInternal: {fileID: 100100000}
  m_GameObject: {fileID: 165134}
  m_LocalRotation: {x: 6.35536512e-10, y: -3.70009734e-09, z: .0457313284, w: .998953819}
  m_LocalPosition: {x: -.403631061, y: 0, z: 0}
  m_LocalScale: {x: 1.00000012, y: 1.00000012, z: 1}
  m_Children:
  - {fileID: 465126}
  m_Father: {fileID: 465136}
  m_RootOrder: 0
--- !u!4 &465130
Transform:
  m_ObjectHideFlags: 1
  m_PrefabParentObject: {fileID: 0}
  m_PrefabInternal: {fileID: 100100000}
  m_GameObject: {fileID: 165118}
  m_LocalRotation: {x: -.517337799, y: .482039124, z: .482040465, w: .517336369}
  m_LocalPosition: {x: -.0256406404, y: -2.89878326e-08, z: .133500367}
  m_LocalScale: {x: 1, y: .99999994, z: .99999994}
  m_Children:
  - {fileID: 465116}
  - {fileID: 495324}
  m_Father: {fileID: 465140}
  m_RootOrder: 3
--- !u!4 &465132
Transform:
  m_ObjectHideFlags: 1
  m_PrefabParentObject: {fileID: 0}
  m_PrefabInternal: {fileID: 100100000}
  m_GameObject: {fileID: 165126}
  m_LocalRotation: {x: .484074891, y: -.474154651, z: .53016752, w: .509677649}
  m_LocalPosition: {x: -4.52995295e-08, y: -.0919504315, z: 0}
  m_LocalScale: {x: 1, y: .99999994, z: 1.00000012}
  m_Children:
  - {fileID: 465122}
  m_Father: {fileID: 465140}
  m_RootOrder: 2
--- !u!4 &465134
Transform:
  m_ObjectHideFlags: 1
  m_PrefabParentObject: {fileID: 0}
  m_PrefabInternal: {fileID: 100100000}
  m_GameObject: {fileID: 165128}
  m_LocalRotation: {x: -.499999642, y: .500000358, z: .499999642, w: .500000358}
  m_LocalPosition: {x: -0, y: 0, z: 0}
  m_LocalScale: {x: 1, y: .99999994, z: .99999994}
  m_Children: []
  m_Father: {fileID: 465140}
  m_RootOrder: 1
--- !u!4 &465136
Transform:
  m_ObjectHideFlags: 1
  m_PrefabParentObject: {fileID: 0}
  m_PrefabInternal: {fileID: 100100000}
  m_GameObject: {fileID: 165136}
  m_LocalRotation: {x: -.509677589, y: .53016746, z: -.474154681, w: -.48407492}
  m_LocalPosition: {x: -4.52995295e-08, y: .0919504315, z: 0}
  m_LocalScale: {x: 1, y: .99999994, z: 1}
  m_Children:
  - {fileID: 465128}
  m_Father: {fileID: 465140}
  m_RootOrder: 0
--- !u!4 &465138
Transform:
  m_ObjectHideFlags: 1
  m_PrefabParentObject: {fileID: 0}
  m_PrefabInternal: {fileID: 100100000}
  m_GameObject: {fileID: 165138}
  m_LocalRotation: {x: -.707106829, y: 0, z: -0, w: .707106829}
  m_LocalPosition: {x: 0, y: 0, z: 0}
  m_LocalScale: {x: 1, y: 1, z: 1}
  m_Children: []
  m_Father: {fileID: 465142}
  m_RootOrder: 1
--- !u!4 &465140
Transform:
  m_ObjectHideFlags: 1
  m_PrefabParentObject: {fileID: 0}
  m_PrefabInternal: {fileID: 100100000}
  m_GameObject: {fileID: 165140}
  m_LocalRotation: {x: -.5, y: .5, z: .5, w: .5}
  m_LocalPosition: {x: 2.19590635e-09, y: 1.01551521, z: -.0275651012}
  m_LocalScale: {x: .99999994, y: .99999994, z: 1}
  m_Children:
  - {fileID: 465136}
  - {fileID: 465134}
  - {fileID: 465132}
  - {fileID: 465130}
  m_Father: {fileID: 465142}
  m_RootOrder: 0
--- !u!4 &465142
Transform:
  m_ObjectHideFlags: 1
  m_PrefabParentObject: {fileID: 0}
  m_PrefabInternal: {fileID: 100100000}
  m_GameObject: {fileID: 165142}
  m_LocalRotation: {x: 0, y: 0, z: 0, w: 1}
  m_LocalPosition: {x: 0, y: 0, z: 0}
  m_LocalScale: {x: 1, y: 1, z: 1}
  m_Children:
  - {fileID: 465140}
  - {fileID: 465138}
  m_Father: {fileID: 0}
  m_RootOrder: 0
--- !u!4 &495318
Transform:
  m_ObjectHideFlags: 1
  m_PrefabParentObject: {fileID: 0}
  m_PrefabInternal: {fileID: 100100000}
  m_GameObject: {fileID: 195318}
  m_LocalRotation: {x: -.537002325, y: .456096709, z: .5424366, w: .457566321}
  m_LocalPosition: {x: -.259000123, y: 1.89699924, z: 1.29700005}
  m_LocalScale: {x: 1, y: 1, z: 1}
  m_Children: []
  m_Father: {fileID: 465108}
  m_RootOrder: 1
--- !u!4 &495320
Transform:
  m_ObjectHideFlags: 1
  m_PrefabParentObject: {fileID: 0}
  m_PrefabInternal: {fileID: 100100000}
  m_GameObject: {fileID: 195320}
  m_LocalRotation: {x: -.507363379, y: .492527217, z: .50736165, w: .492527723}
  m_LocalPosition: {x: -.0370004773, y: .0919994116, z: -0}
  m_LocalScale: {x: .800000131, y: .699999869, z: .880000114}
  m_Children: []
  m_Father: {fileID: 465108}
  m_RootOrder: 0
--- !u!4 &495322
Transform:
  m_ObjectHideFlags: 1
  m_PrefabParentObject: {fileID: 0}
  m_PrefabInternal: {fileID: 100100000}
  m_GameObject: {fileID: 195322}
  m_LocalRotation: {x: -.473246306, y: .512726307, z: .477282465, w: .534182668}
  m_LocalPosition: {x: .0229997355, y: -.146999642, z: -.0340003781}
  m_LocalScale: {x: 1, y: 1, z: 1}
  m_Children: []
  m_Father: {fileID: 465116}
  m_RootOrder: 3
--- !u!4 &495324
Transform:
  m_ObjectHideFlags: 1
  m_PrefabParentObject: {fileID: 0}
  m_PrefabInternal: {fileID: 100100000}
  m_GameObject: {fileID: 195324}
  m_LocalRotation: {x: -.546058655, y: .429834664, z: .532234907, w: .483516574}
  m_LocalPosition: {x: .0590003952, y: -.0849997997, z: -.00200019893}
  m_LocalScale: {x: .899999917, y: .899999559, z: .899999857}
  m_Children: []
  m_Father: {fileID: 465130}
  m_RootOrder: 1
--- !u!95 &9565142
Animator:
  serializedVersion: 3
  m_ObjectHideFlags: 1
  m_PrefabParentObject: {fileID: 0}
  m_PrefabInternal: {fileID: 100100000}
  m_GameObject: {fileID: 165142}
  m_Enabled: 1
  m_Avatar: {fileID: 9000000, guid: b242023628e70e74286e88cb32c0bb61, type: 3}
  m_Controller: {fileID: 9100000, guid: fdfcee1fefa4c8a4a839e67c2e46d6fd, type: 2}
  m_CullingMode: 1
  m_UpdateMode: 0
  m_ApplyRootMotion: 1
  m_HasTransformHierarchy: 1
  m_AllowConstantClipSamplingOptimization: 1
--- !u!137 &13765142
SkinnedMeshRenderer:
  m_ObjectHideFlags: 1
  m_PrefabParentObject: {fileID: 0}
  m_PrefabInternal: {fileID: 100100000}
  m_GameObject: {fileID: 165138}
  m_Enabled: 1
  m_CastShadows: 1
  m_ReceiveShadows: 1
  m_LightmapIndex: 255
  m_LightmapTilingOffset: {x: 1, y: 1, z: 0, w: 0}
  m_Materials:
  - {fileID: 2100000, guid: 57a62d275ae4edd44be31593a746c31d, type: 2}
  m_SubsetIndices: 
  m_StaticBatchRoot: {fileID: 0}
  m_UseLightProbes: 0
  m_LightProbeAnchor: {fileID: 0}
  m_ScaleInLightmap: 1
  m_SortingLayerID: 0
  m_SortingOrder: 0
  serializedVersion: 2
  m_Quality: 0
  m_UpdateWhenOffscreen: 0
  m_Mesh: {fileID: 4300002, guid: b242023628e70e74286e88cb32c0bb61, type: 3}
  m_Bones:
  - {fileID: 465134}
  - {fileID: 465130}
  - {fileID: 465116}
  - {fileID: 465078}
  - {fileID: 465104}
  - {fileID: 465108}
  - {fileID: 465110}
  - {fileID: 465106}
  - {fileID: 465136}
  - {fileID: 465132}
  - {fileID: 465102}
  - {fileID: 465100}
  - {fileID: 465096}
  - {fileID: 465094}
  - {fileID: 465088}
  - {fileID: 465082}
  - {fileID: 465086}
  - {fileID: 465080}
  - {fileID: 465084}
  - {fileID: 465090}
  - {fileID: 465076}
  - {fileID: 465072}
  - {fileID: 465070}
  - {fileID: 465064}
  - {fileID: 465058}
  - {fileID: 465062}
  - {fileID: 465056}
  - {fileID: 465060}
  - {fileID: 465066}
  - {fileID: 465128}
  - {fileID: 465126}
  - {fileID: 465124}
  - {fileID: 465120}
  - {fileID: 465122}
  - {fileID: 465118}
  m_BlendShapeWeights: []
  m_RootBone: {fileID: 465130}
  m_AABB:
    m_Center: {x: .263013661, y: -.0312603489, z: 2.98023224e-08}
    m_Extent: {x: .89459008, y: .209313899, z: .576823711}
  m_DirtyAABB: 0
--- !u!1001 &100100000
Prefab:
  m_ObjectHideFlags: 1
  serializedVersion: 2
  m_Modification:
    m_TransformParent: {fileID: 0}
    m_Modifications: []
    m_RemovedComponents: []
  m_ParentPrefab: {fileID: 0}
  m_RootGameObject: {fileID: 165142}
  m_IsPrefabParent: 1
  m_IsExploded: 1
