%YAML 1.1
%TAG !u! tag:unity3d.com,2011:
--- !u!1 &118382
GameObject:
  m_ObjectHideFlags: 1
  m_PrefabParentObject: {fileID: 0}
  m_PrefabInternal: {fileID: 100100000}
  serializedVersion: 4
  m_Component:
  - 4: {fileID: 418384}
  m_Layer: 0
  m_Name: Bip_RightHandThumb2
  m_TagString: Untagged
  m_Icon: {fileID: 0}
  m_NavMeshLayer: 0
  m_StaticEditorFlags: 0
  m_IsActive: 1
--- !u!1 &118384
GameObject:
  m_ObjectHideFlags: 1
  m_PrefabParentObject: {fileID: 0}
  m_PrefabInternal: {fileID: 100100000}
  serializedVersion: 4
  m_Component:
  - 4: {fileID: 418390}
  m_Layer: 0
  m_Name: Bip_RightHandThumb1
  m_TagString: Untagged
  m_Icon: {fileID: 0}
  m_NavMeshLayer: 0
  m_StaticEditorFlags: 0
  m_IsActive: 1
--- !u!1 &118386
GameObject:
  m_ObjectHideFlags: 1
  m_PrefabParentObject: {fileID: 0}
  m_PrefabInternal: {fileID: 100100000}
  serializedVersion: 4
  m_Component:
  - 4: {fileID: 418386}
  m_Layer: 0
  m_Name: Bip_RightHandMiddle2
  m_TagString: Untagged
  m_Icon: {fileID: 0}
  m_NavMeshLayer: 0
  m_StaticEditorFlags: 0
  m_IsActive: 1
--- !u!1 &118388
GameObject:
  m_ObjectHideFlags: 1
  m_PrefabParentObject: {fileID: 0}
  m_PrefabInternal: {fileID: 100100000}
  serializedVersion: 4
  m_Component:
  - 4: {fileID: 418392}
  m_Layer: 0
  m_Name: Bip_RightHandMiddle1
  m_TagString: Untagged
  m_Icon: {fileID: 0}
  m_NavMeshLayer: 0
  m_StaticEditorFlags: 0
  m_IsActive: 1
--- !u!1 &118390
GameObject:
  m_ObjectHideFlags: 1
  m_PrefabParentObject: {fileID: 0}
  m_PrefabInternal: {fileID: 100100000}
  serializedVersion: 4
  m_Component:
  - 4: {fileID: 418388}
  m_Layer: 0
  m_Name: Bip_RightHandIndex2
  m_TagString: Untagged
  m_Icon: {fileID: 0}
  m_NavMeshLayer: 0
  m_StaticEditorFlags: 0
  m_IsActive: 1
--- !u!1 &118392
GameObject:
  m_ObjectHideFlags: 1
  m_PrefabParentObject: {fileID: 0}
  m_PrefabInternal: {fileID: 100100000}
  serializedVersion: 4
  m_Component:
  - 4: {fileID: 418394}
  m_Layer: 0
  m_Name: Bip_RightHandIndex1
  m_TagString: Untagged
  m_Icon: {fileID: 0}
  m_NavMeshLayer: 0
  m_StaticEditorFlags: 0
  m_IsActive: 1
--- !u!1 &118394
GameObject:
  m_ObjectHideFlags: 1
  m_PrefabParentObject: {fileID: 0}
  m_PrefabInternal: {fileID: 100100000}
  serializedVersion: 4
  m_Component:
  - 4: {fileID: 418396}
  m_Layer: 0
  m_Name: Bip_RightHandCenter
  m_TagString: Untagged
  m_Icon: {fileID: 0}
  m_NavMeshLayer: 0
  m_StaticEditorFlags: 0
  m_IsActive: 1
--- !u!1 &118396
GameObject:
  m_ObjectHideFlags: 1
  m_PrefabParentObject: {fileID: 0}
  m_PrefabInternal: {fileID: 100100000}
  serializedVersion: 4
  m_Component:
  - 4: {fileID: 420620}
  m_Layer: 0
  m_Name: Bip_RightHand
  m_TagString: Untagged
  m_Icon: {fileID: 0}
  m_NavMeshLayer: 0
  m_StaticEditorFlags: 0
  m_IsActive: 1
--- !u!1 &120622
GameObject:
  m_ObjectHideFlags: 1
  m_PrefabParentObject: {fileID: 0}
  m_PrefabInternal: {fileID: 100100000}
  serializedVersion: 4
  m_Component:
  - 4: {fileID: 420624}
  m_Layer: 0
  m_Name: Bip_RightLowerArm
  m_TagString: Untagged
  m_Icon: {fileID: 0}
  m_NavMeshLayer: 0
  m_StaticEditorFlags: 0
  m_IsActive: 1
--- !u!1 &120624
GameObject:
  m_ObjectHideFlags: 1
  m_PrefabParentObject: {fileID: 0}
  m_PrefabInternal: {fileID: 100100000}
  serializedVersion: 4
  m_Component:
  - 4: {fileID: 420622}
  m_Layer: 0
  m_Name: Bip_Hips R ForeTwist1
  m_TagString: Untagged
  m_Icon: {fileID: 0}
  m_NavMeshLayer: 0
  m_StaticEditorFlags: 0
  m_IsActive: 1
--- !u!1 &120626
GameObject:
  m_ObjectHideFlags: 1
  m_PrefabParentObject: {fileID: 0}
  m_PrefabInternal: {fileID: 100100000}
  serializedVersion: 4
  m_Component:
  - 4: {fileID: 420626}
  m_Layer: 0
  m_Name: Bip_Hips R ForeTwist
  m_TagString: Untagged
  m_Icon: {fileID: 0}
  m_NavMeshLayer: 0
  m_StaticEditorFlags: 0
  m_IsActive: 1
--- !u!1 &120628
GameObject:
  m_ObjectHideFlags: 1
  m_PrefabParentObject: {fileID: 0}
  m_PrefabInternal: {fileID: 100100000}
  serializedVersion: 4
  m_Component:
  - 4: {fileID: 420628}
  m_Layer: 0
  m_Name: Bip_RightUpperArm
  m_TagString: Untagged
  m_Icon: {fileID: 0}
  m_NavMeshLayer: 0
  m_StaticEditorFlags: 0
  m_IsActive: 1
--- !u!1 &120630
GameObject:
  m_ObjectHideFlags: 1
  m_PrefabParentObject: {fileID: 0}
  m_PrefabInternal: {fileID: 100100000}
  serializedVersion: 4
  m_Component:
  - 4: {fileID: 420654}
  m_Layer: 0
  m_Name: Bip_RightShoulder
  m_TagString: Untagged
  m_Icon: {fileID: 0}
  m_NavMeshLayer: 0
  m_StaticEditorFlags: 0
  m_IsActive: 1
--- !u!1 &120632
GameObject:
  m_ObjectHideFlags: 1
  m_PrefabParentObject: {fileID: 0}
  m_PrefabInternal: {fileID: 100100000}
  serializedVersion: 4
  m_Component:
  - 4: {fileID: 420630}
  m_Layer: 0
  m_Name: Bip_LeftHandThumb2
  m_TagString: Untagged
  m_Icon: {fileID: 0}
  m_NavMeshLayer: 0
  m_StaticEditorFlags: 0
  m_IsActive: 1
--- !u!1 &120634
GameObject:
  m_ObjectHideFlags: 1
  m_PrefabParentObject: {fileID: 0}
  m_PrefabInternal: {fileID: 100100000}
  serializedVersion: 4
  m_Component:
  - 4: {fileID: 420636}
  m_Layer: 0
  m_Name: Bip_LeftHandThumb1
  m_TagString: Untagged
  m_Icon: {fileID: 0}
  m_NavMeshLayer: 0
  m_StaticEditorFlags: 0
  m_IsActive: 1
--- !u!1 &120636
GameObject:
  m_ObjectHideFlags: 1
  m_PrefabParentObject: {fileID: 0}
  m_PrefabInternal: {fileID: 100100000}
  serializedVersion: 4
  m_Component:
  - 4: {fileID: 420632}
  m_Layer: 0
  m_Name: Bip_LeftHandMiddle2
  m_TagString: Untagged
  m_Icon: {fileID: 0}
  m_NavMeshLayer: 0
  m_StaticEditorFlags: 0
  m_IsActive: 1
--- !u!1 &120638
GameObject:
  m_ObjectHideFlags: 1
  m_PrefabParentObject: {fileID: 0}
  m_PrefabInternal: {fileID: 100100000}
  serializedVersion: 4
  m_Component:
  - 4: {fileID: 420638}
  m_Layer: 0
  m_Name: Bip_LeftHandMiddle1
  m_TagString: Untagged
  m_Icon: {fileID: 0}
  m_NavMeshLayer: 0
  m_StaticEditorFlags: 0
  m_IsActive: 1
--- !u!1 &120640
GameObject:
  m_ObjectHideFlags: 1
  m_PrefabParentObject: {fileID: 0}
  m_PrefabInternal: {fileID: 100100000}
  serializedVersion: 4
  m_Component:
  - 4: {fileID: 420634}
  m_Layer: 0
  m_Name: Bip_LeftHandIndex2
  m_TagString: Untagged
  m_Icon: {fileID: 0}
  m_NavMeshLayer: 0
  m_StaticEditorFlags: 0
  m_IsActive: 1
--- !u!1 &120642
GameObject:
  m_ObjectHideFlags: 1
  m_PrefabParentObject: {fileID: 0}
  m_PrefabInternal: {fileID: 100100000}
  serializedVersion: 4
  m_Component:
  - 4: {fileID: 420640}
  m_Layer: 0
  m_Name: Bip_LeftHandIndex1
  m_TagString: Untagged
  m_Icon: {fileID: 0}
  m_NavMeshLayer: 0
  m_StaticEditorFlags: 0
  m_IsActive: 1
--- !u!1 &120644
GameObject:
  m_ObjectHideFlags: 1
  m_PrefabParentObject: {fileID: 0}
  m_PrefabInternal: {fileID: 100100000}
  serializedVersion: 4
  m_Component:
  - 4: {fileID: 420642}
  m_Layer: 0
  m_Name: Bip_LeftHandCenter
  m_TagString: Untagged
  m_Icon: {fileID: 0}
  m_NavMeshLayer: 0
  m_StaticEditorFlags: 0
  m_IsActive: 1
--- !u!1 &120646
GameObject:
  m_ObjectHideFlags: 1
  m_PrefabParentObject: {fileID: 0}
  m_PrefabInternal: {fileID: 100100000}
  serializedVersion: 4
  m_Component:
  - 4: {fileID: 420644}
  m_Layer: 0
  m_Name: Bip_LeftHand
  m_TagString: Untagged
  m_Icon: {fileID: 0}
  m_NavMeshLayer: 0
  m_StaticEditorFlags: 0
  m_IsActive: 1
--- !u!1 &120648
GameObject:
  m_ObjectHideFlags: 1
  m_PrefabParentObject: {fileID: 0}
  m_PrefabInternal: {fileID: 100100000}
  serializedVersion: 4
  m_Component:
  - 4: {fileID: 420648}
  m_Layer: 0
  m_Name: Bip_LeftLowerArm
  m_TagString: Untagged
  m_Icon: {fileID: 0}
  m_NavMeshLayer: 0
  m_StaticEditorFlags: 0
  m_IsActive: 1
--- !u!1 &120650
GameObject:
  m_ObjectHideFlags: 1
  m_PrefabParentObject: {fileID: 0}
  m_PrefabInternal: {fileID: 100100000}
  serializedVersion: 4
  m_Component:
  - 4: {fileID: 420646}
  m_Layer: 0
  m_Name: Bip_Hips L ForeTwist1
  m_TagString: Untagged
  m_Icon: {fileID: 0}
  m_NavMeshLayer: 0
  m_StaticEditorFlags: 0
  m_IsActive: 1
--- !u!1 &120652
GameObject:
  m_ObjectHideFlags: 1
  m_PrefabParentObject: {fileID: 0}
  m_PrefabInternal: {fileID: 100100000}
  serializedVersion: 4
  m_Component:
  - 4: {fileID: 420650}
  m_Layer: 0
  m_Name: Bip_Hips L ForeTwist
  m_TagString: Untagged
  m_Icon: {fileID: 0}
  m_NavMeshLayer: 0
  m_StaticEditorFlags: 0
  m_IsActive: 1
--- !u!1 &120654
GameObject:
  m_ObjectHideFlags: 1
  m_PrefabParentObject: {fileID: 0}
  m_PrefabInternal: {fileID: 100100000}
  serializedVersion: 4
  m_Component:
  - 4: {fileID: 420652}
  m_Layer: 0
  m_Name: Bip_LeftUpperArm
  m_TagString: Untagged
  m_Icon: {fileID: 0}
  m_NavMeshLayer: 0
  m_StaticEditorFlags: 0
  m_IsActive: 1
--- !u!1 &120656
GameObject:
  m_ObjectHideFlags: 1
  m_PrefabParentObject: {fileID: 0}
  m_PrefabInternal: {fileID: 100100000}
  serializedVersion: 4
  m_Component:
  - 4: {fileID: 420656}
  m_Layer: 0
  m_Name: Bip_LeftShoulder
  m_TagString: Untagged
  m_Icon: {fileID: 0}
  m_NavMeshLayer: 0
  m_StaticEditorFlags: 0
  m_IsActive: 1
--- !u!1 &120658
GameObject:
  m_ObjectHideFlags: 1
  m_PrefabParentObject: {fileID: 0}
  m_PrefabInternal: {fileID: 100100000}
  serializedVersion: 4
  m_Component:
  - 4: {fileID: 420658}
  m_Layer: 0
  m_Name: Bip_Head
  m_TagString: Untagged
  m_Icon: {fileID: 0}
  m_NavMeshLayer: 0
  m_StaticEditorFlags: 0
  m_IsActive: 1
--- !u!1 &120660
GameObject:
  m_ObjectHideFlags: 1
  m_PrefabParentObject: {fileID: 0}
  m_PrefabInternal: {fileID: 100100000}
  serializedVersion: 4
  m_Component:
  - 4: {fileID: 420660}
  m_Layer: 0
  m_Name: Bip_Neck
  m_TagString: Untagged
  m_Icon: {fileID: 0}
  m_NavMeshLayer: 0
  m_StaticEditorFlags: 0
  m_IsActive: 1
--- !u!1 &120662
GameObject:
  m_ObjectHideFlags: 1
  m_PrefabParentObject: {fileID: 0}
  m_PrefabInternal: {fileID: 100100000}
  serializedVersion: 4
  m_Component:
  - 4: {fileID: 420662}
  m_Layer: 0
  m_Name: Bip_Hips Xtra01Opp
  m_TagString: Untagged
  m_Icon: {fileID: 0}
  m_NavMeshLayer: 0
  m_StaticEditorFlags: 0
  m_IsActive: 1
--- !u!1 &120664
GameObject:
  m_ObjectHideFlags: 1
  m_PrefabParentObject: {fileID: 0}
  m_PrefabInternal: {fileID: 100100000}
  serializedVersion: 4
  m_Component:
  - 4: {fileID: 420664}
  m_Layer: 0
  m_Name: Bip_Hips Xtra01
  m_TagString: Untagged
  m_Icon: {fileID: 0}
  m_NavMeshLayer: 0
  m_StaticEditorFlags: 0
  m_IsActive: 1
--- !u!1 &120666
GameObject:
  m_ObjectHideFlags: 1
  m_PrefabParentObject: {fileID: 0}
  m_PrefabInternal: {fileID: 100100000}
  serializedVersion: 4
  m_Component:
  - 4: {fileID: 420666}
  m_Layer: 0
  m_Name: Bip_Chest
  m_TagString: Untagged
  m_Icon: {fileID: 0}
  m_NavMeshLayer: 0
  m_StaticEditorFlags: 0
  m_IsActive: 1
--- !u!1 &120668
GameObject:
  m_ObjectHideFlags: 1
  m_PrefabParentObject: {fileID: 0}
  m_PrefabInternal: {fileID: 100100000}
  serializedVersion: 4
  m_Component:
  - 4: {fileID: 420680}
  m_Layer: 0
  m_Name: Bip_Spine
  m_TagString: Untagged
  m_Icon: {fileID: 0}
  m_NavMeshLayer: 0
  m_StaticEditorFlags: 0
  m_IsActive: 1
--- !u!1 &120670
GameObject:
  m_ObjectHideFlags: 1
  m_PrefabParentObject: {fileID: 0}
  m_PrefabInternal: {fileID: 100100000}
  serializedVersion: 4
  m_Component:
  - 4: {fileID: 420668}
  m_Layer: 0
  m_Name: Bip_RightToe
  m_TagString: Untagged
  m_Icon: {fileID: 0}
  m_NavMeshLayer: 0
  m_StaticEditorFlags: 0
  m_IsActive: 1
--- !u!1 &120672
GameObject:
  m_ObjectHideFlags: 1
  m_PrefabParentObject: {fileID: 0}
  m_PrefabInternal: {fileID: 100100000}
  serializedVersion: 4
  m_Component:
  - 4: {fileID: 420670}
  m_Layer: 0
  m_Name: Bip_RightFoot
  m_TagString: Untagged
  m_Icon: {fileID: 0}
  m_NavMeshLayer: 0
  m_StaticEditorFlags: 0
  m_IsActive: 1
--- !u!1 &120674
GameObject:
  m_ObjectHideFlags: 1
  m_PrefabParentObject: {fileID: 0}
  m_PrefabInternal: {fileID: 100100000}
  serializedVersion: 4
  m_Component:
  - 4: {fileID: 420672}
  m_Layer: 0
  m_Name: Bip_RightLowerLeg
  m_TagString: Untagged
  m_Icon: {fileID: 0}
  m_NavMeshLayer: 0
  m_StaticEditorFlags: 0
  m_IsActive: 1
--- !u!1 &120676
GameObject:
  m_ObjectHideFlags: 1
  m_PrefabParentObject: {fileID: 0}
  m_PrefabInternal: {fileID: 100100000}
  serializedVersion: 4
  m_Component:
  - 4: {fileID: 420682}
  m_Layer: 0
  m_Name: Bip_RightUpperLeg
  m_TagString: Untagged
  m_Icon: {fileID: 0}
  m_NavMeshLayer: 0
  m_StaticEditorFlags: 0
  m_IsActive: 1
--- !u!1 &120678
GameObject:
  m_ObjectHideFlags: 1
  m_PrefabParentObject: {fileID: 0}
  m_PrefabInternal: {fileID: 100100000}
  serializedVersion: 4
  m_Component:
  - 4: {fileID: 420684}
  m_Layer: 0
  m_Name: Bip_Pelvis
  m_TagString: Untagged
  m_Icon: {fileID: 0}
  m_NavMeshLayer: 0
  m_StaticEditorFlags: 0
  m_IsActive: 1
--- !u!1 &120680
GameObject:
  m_ObjectHideFlags: 1
  m_PrefabParentObject: {fileID: 0}
  m_PrefabInternal: {fileID: 100100000}
  serializedVersion: 4
  m_Component:
  - 4: {fileID: 420674}
  m_Layer: 0
  m_Name: Bip_LeftToe
  m_TagString: Untagged
  m_Icon: {fileID: 0}
  m_NavMeshLayer: 0
  m_StaticEditorFlags: 0
  m_IsActive: 1
--- !u!1 &120682
GameObject:
  m_ObjectHideFlags: 1
  m_PrefabParentObject: {fileID: 0}
  m_PrefabInternal: {fileID: 100100000}
  serializedVersion: 4
  m_Component:
  - 4: {fileID: 420676}
  m_Layer: 0
  m_Name: Bip_LeftFoot
  m_TagString: Untagged
  m_Icon: {fileID: 0}
  m_NavMeshLayer: 0
  m_StaticEditorFlags: 0
  m_IsActive: 1
--- !u!1 &120684
GameObject:
  m_ObjectHideFlags: 1
  m_PrefabParentObject: {fileID: 0}
  m_PrefabInternal: {fileID: 100100000}
  serializedVersion: 4
  m_Component:
  - 4: {fileID: 420678}
  m_Layer: 0
  m_Name: Bip_LeftLowerLeg
  m_TagString: Untagged
  m_Icon: {fileID: 0}
  m_NavMeshLayer: 0
  m_StaticEditorFlags: 0
  m_IsActive: 1
--- !u!1 &120686
GameObject:
  m_ObjectHideFlags: 1
  m_PrefabParentObject: {fileID: 0}
  m_PrefabInternal: {fileID: 100100000}
  serializedVersion: 4
  m_Component:
  - 4: {fileID: 420686}
  m_Layer: 0
  m_Name: Bip_LeftUpperLeg
  m_TagString: Untagged
  m_Icon: {fileID: 0}
  m_NavMeshLayer: 0
  m_StaticEditorFlags: 0
  m_IsActive: 1
--- !u!1 &120688
GameObject:
  m_ObjectHideFlags: 0
  m_PrefabParentObject: {fileID: 0}
  m_PrefabInternal: {fileID: 100100000}
  serializedVersion: 4
  m_Component:
  - 4: {fileID: 420688}
  - 137: {fileID: 13718396}
  m_Layer: 0
  m_Name: jiu
  m_TagString: Untagged
  m_Icon: {fileID: 0}
  m_NavMeshLayer: 0
  m_StaticEditorFlags: 0
  m_IsActive: 1
--- !u!1 &120690
GameObject:
  m_ObjectHideFlags: 0
  m_PrefabParentObject: {fileID: 0}
  m_PrefabInternal: {fileID: 100100000}
  serializedVersion: 4
  m_Component:
  - 4: {fileID: 420690}
  m_Layer: 0
  m_Name: Bip_Hips
  m_TagString: Untagged
  m_Icon: {fileID: 0}
  m_NavMeshLayer: 0
  m_StaticEditorFlags: 0
  m_IsActive: 1
--- !u!1 &120692
GameObject:
  m_ObjectHideFlags: 0
  m_PrefabParentObject: {fileID: 0}
  m_PrefabInternal: {fileID: 100100000}
  serializedVersion: 4
  m_Component:
  - 4: {fileID: 420692}
  - 95: {fileID: 9520692}
  m_Layer: 0
  m_Name: yazhounv5Hall
  m_TagString: Untagged
  m_Icon: {fileID: 0}
  m_NavMeshLayer: 0
  m_StaticEditorFlags: 0
  m_IsActive: 1
--- !u!1 &155864
GameObject:
  m_ObjectHideFlags: 1
  m_PrefabParentObject: {fileID: 0}
  m_PrefabInternal: {fileID: 100100000}
  serializedVersion: 4
  m_Component:
  - 4: {fileID: 455864}
  m_Layer: 0
  m_Name: Dec_head
  m_TagString: Untagged
  m_Icon: {fileID: 0}
  m_NavMeshLayer: 0
  m_StaticEditorFlags: 0
  m_IsActive: 1
--- !u!1 &155866
GameObject:
  m_ObjectHideFlags: 1
  m_PrefabParentObject: {fileID: 0}
  m_PrefabInternal: {fileID: 100100000}
  serializedVersion: 4
  m_Component:
  - 4: {fileID: 455866}
  m_Layer: 0
  m_Name: Dec_face
  m_TagString: Untagged
  m_Icon: {fileID: 0}
  m_NavMeshLayer: 0
  m_StaticEditorFlags: 0
  m_IsActive: 1
--- !u!1 &155868
GameObject:
  m_ObjectHideFlags: 1
  m_PrefabParentObject: {fileID: 0}
  m_PrefabInternal: {fileID: 100100000}
  serializedVersion: 4
  m_Component:
  - 4: {fileID: 455868}
  m_Layer: 0
  m_Name: Dec_shoulder
  m_TagString: Untagged
  m_Icon: {fileID: 0}
  m_NavMeshLayer: 0
  m_StaticEditorFlags: 0
  m_IsActive: 1
--- !u!1 &155870
GameObject:
  m_ObjectHideFlags: 1
  m_PrefabParentObject: {fileID: 0}
  m_PrefabInternal: {fileID: 100100000}
  serializedVersion: 4
  m_Component:
  - 4: {fileID: 455870}
  m_Layer: 0
  m_Name: Dec_waist
  m_TagString: Untagged
  m_Icon: {fileID: 0}
  m_NavMeshLayer: 0
  m_StaticEditorFlags: 0
  m_IsActive: 1
--- !u!4 &418384
Transform:
  m_ObjectHideFlags: 1
  m_PrefabParentObject: {fileID: 0}
  m_PrefabInternal: {fileID: 100100000}
  m_GameObject: {fileID: 118382}
  m_LocalRotation: {x: 6.82270063e-09, y: 1.37612899e-08, z: -.213635385, w: .976913452}
  m_LocalPosition: {x: -.0434022509, y: 3.81469718e-08, z: 0}
  m_LocalScale: {x: 1.00000012, y: 1.00000012, z: 1}
  m_Children: []
  m_Father: {fileID: 418390}
  m_RootOrder: 0
--- !u!4 &418386
Transform:
  m_ObjectHideFlags: 1
  m_PrefabParentObject: {fileID: 0}
  m_PrefabInternal: {fileID: 100100000}
  m_GameObject: {fileID: 118386}
  m_LocalRotation: {x: -1.32382807e-08, y: -2.11954791e-08, z: -.0945086479, w: .995524049}
  m_LocalPosition: {x: -.0370640159, y: 0, z: 0}
  m_LocalScale: {x: 1, y: 1, z: .99999994}
  m_Children: []
  m_Father: {fileID: 418392}
  m_RootOrder: 0
--- !u!4 &418388
Transform:
  m_ObjectHideFlags: 1
  m_PrefabParentObject: {fileID: 0}
  m_PrefabInternal: {fileID: 100100000}
  m_GameObject: {fileID: 118390}
  m_LocalRotation: {x: -2.52035559e-10, y: -7.44631512e-09, z: -.0338276476, w: .999427676}
  m_LocalPosition: {x: -.039087981, y: 0, z: 1.90734859e-08}
  m_LocalScale: {x: 1.00000012, y: 1.00000012, z: 1.00000012}
  m_Children: []
  m_Father: {fileID: 418394}
  m_RootOrder: 0
--- !u!4 &418390
Transform:
  m_ObjectHideFlags: 1
  m_PrefabParentObject: {fileID: 0}
  m_PrefabInternal: {fileID: 100100000}
  m_GameObject: {fileID: 118384}
  m_LocalRotation: {x: -.610217512, y: .279251248, z: .0273416415, w: .740881741}
  m_LocalPosition: {x: -.0332432538, y: .0121408841, z: .0346116535}
  m_LocalScale: {x: 1.00000012, y: 1, z: 1}
  m_Children:
  - {fileID: 418384}
  m_Father: {fileID: 420620}
  m_RootOrder: 3
--- !u!4 &418392
Transform:
  m_ObjectHideFlags: 1
  m_PrefabParentObject: {fileID: 0}
  m_PrefabInternal: {fileID: 100100000}
  m_GameObject: {fileID: 118388}
  m_LocalRotation: {x: .0763625354, y: -.0190547239, z: -.0671641231, w: .994632959}
  m_LocalPosition: {x: -.09041439, y: .00269943243, z: -.0051841829}
  m_LocalScale: {x: 1.00000036, y: 1.00000024, z: 1.00000012}
  m_Children:
  - {fileID: 418386}
  m_Father: {fileID: 420620}
  m_RootOrder: 2
--- !u!4 &418394
Transform:
  m_ObjectHideFlags: 1
  m_PrefabParentObject: {fileID: 0}
  m_PrefabInternal: {fileID: 100100000}
  m_GameObject: {fileID: 118392}
  m_LocalRotation: {x: .00564235635, y: .0253883004, z: -.0801147968, w: .996446311}
  m_LocalPosition: {x: -.0937891006, y: -.00299041742, z: .0310436431}
  m_LocalScale: {x: 1.00000012, y: .99999994, z: 1.00000012}
  m_Children:
  - {fileID: 418388}
  m_Father: {fileID: 420620}
  m_RootOrder: 1
--- !u!4 &418396
Transform:
  m_ObjectHideFlags: 1
  m_PrefabParentObject: {fileID: 0}
  m_PrefabInternal: {fileID: 100100000}
  m_GameObject: {fileID: 118394}
  m_LocalRotation: {x: 3.2782529e-07, y: -1.08033362e-07, z: -1.78813707e-07, w: 1}
  m_LocalPosition: {x: -.0829437599, y: .0489760563, z: -.00363755226}
  m_LocalScale: {x: 1.00000107, y: 1.00000072, z: 1}
  m_Children: []
  m_Father: {fileID: 420620}
  m_RootOrder: 0
--- !u!4 &420620
Transform:
  m_ObjectHideFlags: 1
  m_PrefabParentObject: {fileID: 0}
  m_PrefabInternal: {fileID: 100100000}
  m_GameObject: {fileID: 118396}
  m_LocalRotation: {x: .703505099, y: -.0485603362, z: -.0207755174, w: .708724797}
  m_LocalPosition: {x: -.200214654, y: 0, z: 7.62939436e-08}
  m_LocalScale: {x: 1, y: .99999994, z: 1}
  m_Children:
  - {fileID: 418396}
  - {fileID: 418394}
  - {fileID: 418392}
  - {fileID: 418390}
  m_Father: {fileID: 420624}
  m_RootOrder: 0
--- !u!4 &420622
Transform:
  m_ObjectHideFlags: 1
  m_PrefabParentObject: {fileID: 0}
  m_PrefabInternal: {fileID: 100100000}
  m_GameObject: {fileID: 120624}
  m_LocalRotation: {x: -.000911884417, y: -2.98091045e-08, z: 7.42340145e-09, w: .999999583}
  m_LocalPosition: {x: -.100107305, y: 0, z: 0}
  m_LocalScale: {x: .99999994, y: 1, z: .999999881}
  m_Children: []
  m_Father: {fileID: 420626}
  m_RootOrder: 0
--- !u!4 &420624
Transform:
  m_ObjectHideFlags: 1
  m_PrefabParentObject: {fileID: 0}
  m_PrefabInternal: {fileID: 100100000}
  m_GameObject: {fileID: 120622}
  m_LocalRotation: {x: 7.40531902e-09, y: 8.20006341e-10, z: .110059381, w: .993925035}
  m_LocalPosition: {x: -.224363089, y: 0, z: -7.62939436e-08}
  m_LocalScale: {x: .99999994, y: .99999994, z: .999999881}
  m_Children:
  - {fileID: 420620}
  m_Father: {fileID: 420628}
  m_RootOrder: 1
--- !u!4 &420626
Transform:
  m_ObjectHideFlags: 1
  m_PrefabParentObject: {fileID: 0}
  m_PrefabInternal: {fileID: 100100000}
  m_GameObject: {fileID: 120626}
  m_LocalRotation: {x: -.000906337285, y: -.000100360608, z: .110059336, w: .993924618}
  m_LocalPosition: {x: -.224363089, y: 0, z: -7.62939436e-08}
  m_LocalScale: {x: .99999994, y: 1, z: 1}
  m_Children:
  - {fileID: 420622}
  m_Father: {fileID: 420628}
  m_RootOrder: 0
--- !u!4 &420628
Transform:
  m_ObjectHideFlags: 1
  m_PrefabParentObject: {fileID: 0}
  m_PrefabInternal: {fileID: 100100000}
  m_GameObject: {fileID: 120628}
  m_LocalRotation: {x: -.109095976, y: .331796169, z: .0273306984, w: .936622858}
  m_LocalPosition: {x: -.113258407, y: -3.81469718e-08, z: 0}
  m_LocalScale: {x: 1, y: 1, z: 1}
  m_Children:
  - {fileID: 420626}
  - {fileID: 420624}
  m_Father: {fileID: 420654}
  m_RootOrder: 0
--- !u!4 &420630
Transform:
  m_ObjectHideFlags: 1
  m_PrefabParentObject: {fileID: 0}
  m_PrefabInternal: {fileID: 100100000}
  m_GameObject: {fileID: 120632}
  m_LocalRotation: {x: 0, y: 0, z: -.21363534, w: .976913512}
  m_LocalPosition: {x: -.0434022509, y: -3.81469718e-08, z: -7.62939436e-08}
  m_LocalScale: {x: 1.00000012, y: 1, z: 1}
  m_Children: []
  m_Father: {fileID: 420636}
  m_RootOrder: 0
--- !u!4 &420632
Transform:
  m_ObjectHideFlags: 1
  m_PrefabParentObject: {fileID: 0}
  m_PrefabInternal: {fileID: 100100000}
  m_GameObject: {fileID: 120636}
  m_LocalRotation: {x: -6.71308786e-09, y: 8.12137646e-09, z: -.0945087075, w: .995524049}
  m_LocalPosition: {x: -.0370639786, y: 0, z: -1.90734859e-08}
  m_LocalScale: {x: 1, y: .99999994, z: 1}
  m_Children: []
  m_Father: {fileID: 420638}
  m_RootOrder: 0
--- !u!4 &420634
Transform:
  m_ObjectHideFlags: 1
  m_PrefabParentObject: {fileID: 0}
  m_PrefabInternal: {fileID: 100100000}
  m_GameObject: {fileID: 120640}
  m_LocalRotation: {x: 2.52035476e-10, y: 7.44631556e-09, z: -.0338276327, w: .999427676}
  m_LocalPosition: {x: -.0390880182, y: 0, z: 3.81469718e-08}
  m_LocalScale: {x: 1.00000012, y: 1.00000024, z: 1.00000012}
  m_Children: []
  m_Father: {fileID: 420640}
  m_RootOrder: 0
--- !u!4 &420636
Transform:
  m_ObjectHideFlags: 1
  m_PrefabParentObject: {fileID: 0}
  m_PrefabInternal: {fileID: 100100000}
  m_GameObject: {fileID: 120634}
  m_LocalRotation: {x: .610217512, y: -.279251277, z: .0273416806, w: .740881741}
  m_LocalPosition: {x: -.0332432166, y: .0121408841, z: -.0346116535}
  m_LocalScale: {x: .99999994, y: 1, z: 1}
  m_Children:
  - {fileID: 420630}
  m_Father: {fileID: 420644}
  m_RootOrder: 3
--- !u!4 &420638
Transform:
  m_ObjectHideFlags: 1
  m_PrefabParentObject: {fileID: 0}
  m_PrefabInternal: {fileID: 100100000}
  m_GameObject: {fileID: 120638}
  m_LocalRotation: {x: -.0763625428, y: .0190547183, z: -.0671641678, w: .994632959}
  m_LocalPosition: {x: -.09041439, y: .00269950856, z: .0051841829}
  m_LocalScale: {x: 1.00000012, y: 1.00000012, z: 1}
  m_Children:
  - {fileID: 420632}
  m_Father: {fileID: 420644}
  m_RootOrder: 2
--- !u!4 &420640
Transform:
  m_ObjectHideFlags: 1
  m_PrefabParentObject: {fileID: 0}
  m_PrefabInternal: {fileID: 100100000}
  m_GameObject: {fileID: 120642}
  m_LocalRotation: {x: -.00564235356, y: -.0253883116, z: -.0801147968, w: .996446311}
  m_LocalPosition: {x: -.0937890634, y: -.00299034105, z: -.0310436338}
  m_LocalScale: {x: .99999994, y: .999999881, z: 1.00000012}
  m_Children:
  - {fileID: 420634}
  m_Father: {fileID: 420644}
  m_RootOrder: 1
--- !u!4 &420642
Transform:
  m_ObjectHideFlags: 1
  m_PrefabParentObject: {fileID: 0}
  m_PrefabInternal: {fileID: 100100000}
  m_GameObject: {fileID: 120644}
  m_LocalRotation: {x: 2.309677e-07, y: -1.4901099e-08, z: 2.38418465e-07, w: 1}
  m_LocalPosition: {x: -.0829437226, y: .048976209, z: .00363539695}
  m_LocalScale: {x: 1.00000048, y: 1.00000131, z: 1}
  m_Children: []
  m_Father: {fileID: 420644}
  m_RootOrder: 0
--- !u!4 &420644
Transform:
  m_ObjectHideFlags: 1
  m_PrefabParentObject: {fileID: 0}
  m_PrefabInternal: {fileID: 100100000}
  m_GameObject: {fileID: 120646}
  m_LocalRotation: {x: -.703505099, y: .0485603511, z: -.0207754895, w: .708724797}
  m_LocalPosition: {x: -.200214684, y: 0, z: -1.52587887e-07}
  m_LocalScale: {x: 1, y: .99999994, z: 1}
  m_Children:
  - {fileID: 420642}
  - {fileID: 420640}
  - {fileID: 420638}
  - {fileID: 420636}
  m_Father: {fileID: 420648}
  m_RootOrder: 0
--- !u!4 &420646
Transform:
  m_ObjectHideFlags: 1
  m_PrefabParentObject: {fileID: 0}
  m_PrefabInternal: {fileID: 100100000}
  m_GameObject: {fileID: 120650}
  m_LocalRotation: {x: .000911869458, y: 0, z: -0, w: .999999583}
  m_LocalPosition: {x: -.100107342, y: 0, z: 0}
  m_LocalScale: {x: 1, y: 1, z: .999999881}
  m_Children: []
  m_Father: {fileID: 420650}
  m_RootOrder: 0
--- !u!4 &420648
Transform:
  m_ObjectHideFlags: 1
  m_PrefabParentObject: {fileID: 0}
  m_PrefabInternal: {fileID: 100100000}
  m_GameObject: {fileID: 120648}
  m_LocalRotation: {x: 0, y: 0, z: .110059351, w: .993925035}
  m_LocalPosition: {x: -.224363089, y: 9.53674295e-09, z: 7.62939436e-08}
  m_LocalScale: {x: .99999994, y: 1, z: .999999881}
  m_Children:
  - {fileID: 420644}
  m_Father: {fileID: 420652}
  m_RootOrder: 1
--- !u!4 &420650
Transform:
  m_ObjectHideFlags: 1
  m_PrefabParentObject: {fileID: 0}
  m_PrefabInternal: {fileID: 100100000}
  m_GameObject: {fileID: 120652}
  m_LocalRotation: {x: .000906329893, y: .000100359764, z: .110059306, w: .993924618}
  m_LocalPosition: {x: -.224363089, y: 9.53674295e-09, z: 7.62939436e-08}
  m_LocalScale: {x: .99999994, y: 1, z: 1}
  m_Children:
  - {fileID: 420646}
  m_Father: {fileID: 420652}
  m_RootOrder: 0
--- !u!4 &420652
Transform:
  m_ObjectHideFlags: 1
  m_PrefabParentObject: {fileID: 0}
  m_PrefabInternal: {fileID: 100100000}
  m_GameObject: {fileID: 120654}
  m_LocalRotation: {x: .109095953, y: -.331796199, z: .0273306835, w: .936622918}
  m_LocalPosition: {x: -.113258414, y: 0, z: 1.52587887e-07}
  m_LocalScale: {x: 1, y: .99999994, z: 1}
  m_Children:
  - {fileID: 420650}
  - {fileID: 420648}
  m_Father: {fileID: 420656}
  m_RootOrder: 0
--- !u!4 &420654
Transform:
  m_ObjectHideFlags: 1
  m_PrefabParentObject: {fileID: 0}
  m_PrefabInternal: {fileID: 100100000}
  m_GameObject: {fileID: 120630}
  m_LocalRotation: {x: .661657274, y: .1471809, z: .730022848, w: -.0872589275}
  m_LocalPosition: {x: .064283751, y: .0124681471, z: -.0398287661}
  m_LocalScale: {x: 1.00000012, y: .99999994, z: 1}
  m_Children:
  - {fileID: 420628}
  m_Father: {fileID: 420660}
  m_RootOrder: 2
--- !u!4 &420656
Transform:
  m_ObjectHideFlags: 1
  m_PrefabParentObject: {fileID: 0}
  m_PrefabInternal: {fileID: 100100000}
  m_GameObject: {fileID: 120656}
  m_LocalRotation: {x: -.661657512, y: -.147182956, z: .73002243, w: -.087257117}
  m_LocalPosition: {x: .064283751, y: .0124679375, z: .0398286581}
  m_LocalScale: {x: 1, y: 1, z: 1}
  m_Children:
  - {fileID: 420652}
  m_Father: {fileID: 420660}
  m_RootOrder: 1
--- !u!4 &420658
Transform:
  m_ObjectHideFlags: 1
  m_PrefabParentObject: {fileID: 0}
  m_PrefabInternal: {fileID: 100100000}
  m_GameObject: {fileID: 120658}
  m_LocalRotation: {x: -2.19837661e-14, y: 1.03476495e-07, z: -.037306942, w: .999303877}
  m_LocalPosition: {x: -.0643635541, y: -1.90734859e-08, z: 0}
  m_LocalScale: {x: .99999994, y: .99999994, z: 1}
  m_Children:
  - {fileID: 455866}
  - {fileID: 455864}
  m_Father: {fileID: 420660}
  m_RootOrder: 0
--- !u!4 &420660
Transform:
  m_ObjectHideFlags: 1
  m_PrefabParentObject: {fileID: 0}
  m_PrefabInternal: {fileID: 100100000}
  m_GameObject: {fileID: 120660}
  m_LocalRotation: {x: 4.20795228e-14, y: 4.54090156e-07, z: -.163718686, w: .986507058}
  m_LocalPosition: {x: -.244896993, y: -.0364514925, z: -1.41220511e-08}
  m_LocalScale: {x: 1.00000012, y: 1.00000012, z: 1}
  m_Children:
  - {fileID: 420658}
  - {fileID: 420656}
  - {fileID: 420654}
  m_Father: {fileID: 420666}
  m_RootOrder: 2
--- !u!4 &420662
Transform:
  m_ObjectHideFlags: 1
  m_PrefabParentObject: {fileID: 0}
  m_PrefabInternal: {fileID: 100100000}
  m_GameObject: {fileID: 120662}
  m_LocalRotation: {x: .0642110482, y: .0589347221, z: -.673019111, w: .734471858}
  m_LocalPosition: {x: -.0623786896, y: .0550309345, z: .0718151927}
  m_LocalScale: {x: 1, y: 1.00000012, z: 1}
  m_Children: []
  m_Father: {fileID: 420666}
  m_RootOrder: 1
--- !u!4 &420664
Transform:
  m_ObjectHideFlags: 1
  m_PrefabParentObject: {fileID: 0}
  m_PrefabInternal: {fileID: 100100000}
  m_GameObject: {fileID: 120664}
  m_LocalRotation: {x: -.0642110482, y: -.0589308664, z: -.673019469, w: .734471858}
  m_LocalPosition: {x: -.0623786896, y: .0550313182, z: -.0718148947}
  m_LocalScale: {x: .99999994, y: .99999994, z: 1.00000012}
  m_Children: []
  m_Father: {fileID: 420666}
  m_RootOrder: 0
--- !u!4 &420666
Transform:
  m_ObjectHideFlags: 1
  m_PrefabParentObject: {fileID: 0}
  m_PrefabInternal: {fileID: 100100000}
  m_GameObject: {fileID: 120666}
  m_LocalRotation: {x: -4.49457739e-14, y: -4.6562738e-07, z: .16787833, w: .985807717}
  m_LocalPosition: {x: -.129845425, y: -.000183296201, z: -5.08407538e-10}
  m_LocalScale: {x: 1, y: 1, z: 1}
  m_Children:
  - {fileID: 420664}
  - {fileID: 420662}
  - {fileID: 420660}
  - {fileID: 455868}
  m_Father: {fileID: 420680}
  m_RootOrder: 0
--- !u!4 &420668
Transform:
  m_ObjectHideFlags: 1
  m_PrefabParentObject: {fileID: 0}
  m_PrefabInternal: {fileID: 100100000}
  m_GameObject: {fileID: 120670}
  m_LocalRotation: {x: -1.54543116e-08, y: 1.54543116e-08, z: -.707106829, w: .707106829}
  m_LocalPosition: {x: -.130510107, y: .116611615, z: -1.90734859e-08}
  m_LocalScale: {x: 1, y: 1, z: 1}
  m_Children: []
  m_Father: {fileID: 420670}
  m_RootOrder: 0
--- !u!4 &420670
Transform:
  m_ObjectHideFlags: 1
  m_PrefabParentObject: {fileID: 0}
  m_PrefabInternal: {fileID: 100100000}
  m_GameObject: {fileID: 120672}
  m_LocalRotation: {x: .062838167, y: -.0428177603, z: -.0497682467, w: .995862007}
  m_LocalPosition: {x: -.482688755, y: 1.90734859e-08, z: 1.90734859e-08}
  m_LocalScale: {x: 1.00000012, y: 1, z: 1}
  m_Children:
  - {fileID: 420668}
  m_Father: {fileID: 420672}
  m_RootOrder: 0
--- !u!4 &420672
Transform:
  m_ObjectHideFlags: 1
  m_PrefabParentObject: {fileID: 0}
  m_PrefabInternal: {fileID: 100100000}
  m_GameObject: {fileID: 120674}
  m_LocalRotation: {x: -8.75447492e-11, y: -7.46460493e-09, z: .0506696552, w: .99871546}
  m_LocalPosition: {x: -.398682088, y: 0, z: 0}
  m_LocalScale: {x: .99999994, y: 1, z: 1}
  m_Children:
  - {fileID: 420670}
  m_Father: {fileID: 420682}
  m_RootOrder: 0
--- !u!4 &420674
Transform:
  m_ObjectHideFlags: 1
  m_PrefabParentObject: {fileID: 0}
  m_PrefabInternal: {fileID: 100100000}
  m_GameObject: {fileID: 120680}
  m_LocalRotation: {x: 1.54543116e-08, y: -1.54543116e-08, z: -.707106829, w: .707106829}
  m_LocalPosition: {x: -.130510107, y: .116611615, z: -1.90734859e-08}
  m_LocalScale: {x: 1, y: 1, z: 1}
  m_Children: []
  m_Father: {fileID: 420676}
  m_RootOrder: 0
--- !u!4 &420676
Transform:
  m_ObjectHideFlags: 1
  m_PrefabParentObject: {fileID: 0}
  m_PrefabInternal: {fileID: 100100000}
  m_GameObject: {fileID: 120682}
  m_LocalRotation: {x: -.0628381819, y: .0428176746, z: -.0497682542, w: .995862007}
  m_LocalPosition: {x: -.482688755, y: 0, z: -1.90734859e-08}
  m_LocalScale: {x: 1.00000012, y: 1, z: .99999994}
  m_Children:
  - {fileID: 420674}
  m_Father: {fileID: 420678}
  m_RootOrder: 0
--- !u!4 &420678
Transform:
  m_ObjectHideFlags: 1
  m_PrefabParentObject: {fileID: 0}
  m_PrefabInternal: {fileID: 100100000}
  m_GameObject: {fileID: 120684}
  m_LocalRotation: {x: 4.65063099e-10, y: 2.35948986e-11, z: .0506696627, w: .99871546}
  m_LocalPosition: {x: -.398682058, y: 0, z: 1.90734859e-08}
  m_LocalScale: {x: .999999881, y: 1.00000012, z: 1}
  m_Children:
  - {fileID: 420676}
  m_Father: {fileID: 420686}
  m_RootOrder: 0
--- !u!4 &420680
Transform:
  m_ObjectHideFlags: 1
  m_PrefabParentObject: {fileID: 0}
  m_PrefabInternal: {fileID: 100100000}
  m_GameObject: {fileID: 120668}
  m_LocalRotation: {x: -.517337799, y: .482039124, z: .482040465, w: .517336369}
  m_LocalPosition: {x: -.0256406404, y: -2.89878326e-08, z: .133500367}
  m_LocalScale: {x: 1, y: .99999994, z: .99999994}
  m_Children:
  - {fileID: 420666}
  - {fileID: 455870}
  m_Father: {fileID: 420690}
  m_RootOrder: 3
--- !u!4 &420682
Transform:
  m_ObjectHideFlags: 1
  m_PrefabParentObject: {fileID: 0}
  m_PrefabInternal: {fileID: 100100000}
  m_GameObject: {fileID: 120676}
  m_LocalRotation: {x: .486168563, y: -.473420411, z: .528098345, w: .510514796}
  m_LocalPosition: {x: -4.52995295e-08, y: -.0919504315, z: 0}
  m_LocalScale: {x: 1, y: .99999994, z: 1.00000012}
  m_Children:
  - {fileID: 420672}
  m_Father: {fileID: 420690}
  m_RootOrder: 2
--- !u!4 &420684
Transform:
  m_ObjectHideFlags: 1
  m_PrefabParentObject: {fileID: 0}
  m_PrefabInternal: {fileID: 100100000}
  m_GameObject: {fileID: 120678}
  m_LocalRotation: {x: -.499999642, y: .500000358, z: .499999642, w: .500000358}
  m_LocalPosition: {x: -0, y: 0, z: 0}
  m_LocalScale: {x: 1, y: .99999994, z: .99999994}
  m_Children: []
  m_Father: {fileID: 420690}
  m_RootOrder: 1
--- !u!4 &420686
Transform:
  m_ObjectHideFlags: 1
  m_PrefabParentObject: {fileID: 0}
  m_PrefabInternal: {fileID: 100100000}
  m_GameObject: {fileID: 120686}
  m_LocalRotation: {x: -.510514796, y: .528098285, z: -.473420441, w: -.486168623}
  m_LocalPosition: {x: -4.52995295e-08, y: .0919504315, z: 0}
  m_LocalScale: {x: 1, y: .99999994, z: 1}
  m_Children:
  - {fileID: 420678}
  m_Father: {fileID: 420690}
  m_RootOrder: 0
--- !u!4 &420688
Transform:
  m_ObjectHideFlags: 1
  m_PrefabParentObject: {fileID: 0}
  m_PrefabInternal: {fileID: 100100000}
  m_GameObject: {fileID: 120688}
  m_LocalRotation: {x: -.707106769, y: 0, z: -0, w: .707106888}
  m_LocalPosition: {x: -1.08395672, y: 0, z: 0}
  m_LocalScale: {x: 1, y: 1, z: 1}
  m_Children: []
  m_Father: {fileID: 420692}
  m_RootOrder: 1
--- !u!4 &420690
Transform:
  m_ObjectHideFlags: 1
  m_PrefabParentObject: {fileID: 0}
  m_PrefabInternal: {fileID: 100100000}
  m_GameObject: {fileID: 120690}
  m_LocalRotation: {x: -.5, y: .5, z: .5, w: .5}
  m_LocalPosition: {x: 0, y: 1.01551521, z: -.028166892}
  m_LocalScale: {x: .99999994, y: .99999994, z: 1}
  m_Children:
  - {fileID: 420686}
  - {fileID: 420684}
  - {fileID: 420682}
  - {fileID: 420680}
  m_Father: {fileID: 420692}
  m_RootOrder: 0
--- !u!4 &420692
Transform:
  m_ObjectHideFlags: 1
  m_PrefabParentObject: {fileID: 0}
  m_PrefabInternal: {fileID: 100100000}
  m_GameObject: {fileID: 120692}
  m_LocalRotation: {x: 0, y: 0, z: 0, w: 1}
  m_LocalPosition: {x: 0, y: 0, z: 0}
  m_LocalScale: {x: 1, y: 1, z: 1}
  m_Children:
  - {fileID: 420690}
  - {fileID: 420688}
  m_Father: {fileID: 0}
  m_RootOrder: 0
--- !u!4 &455864
Transform:
  m_ObjectHideFlags: 1
  m_PrefabParentObject: {fileID: 0}
  m_PrefabInternal: {fileID: 100100000}
  m_GameObject: {fileID: 155864}
  m_LocalRotation: {x: -.572048843, y: .482849836, z: .496230185, w: .439740747}
  m_LocalPosition: {x: -.332999796, y: 2.02999973, z: 1.05399942}
  m_LocalScale: {x: 1, y: 1, z: 1}
  m_Children: []
  m_Father: {fileID: 420658}
  m_RootOrder: 1
--- !u!4 &455866
Transform:
  m_ObjectHideFlags: 1
  m_PrefabParentObject: {fileID: 0}
  m_PrefabInternal: {fileID: 100100000}
  m_GameObject: {fileID: 155866}
  m_LocalRotation: {x: -.507363379, y: .492527217, z: .50736165, w: .492527723}
  m_LocalPosition: {x: -.0550004765, y: .1049999, z: -0}
  m_LocalScale: {x: .840000093, y: .709999919, z: .880000114}
  m_Children: []
  m_Father: {fileID: 420658}
  m_RootOrder: 0
--- !u!4 &455868
Transform:
  m_ObjectHideFlags: 1
  m_PrefabParentObject: {fileID: 0}
  m_PrefabInternal: {fileID: 100100000}
  m_GameObject: {fileID: 155868}
  m_LocalRotation: {x: -.484832972, y: .536057472, z: .469703019, w: .506910741}
  m_LocalPosition: {x: .0790004879, y: -.164999783, z: -.0440004282}
  m_LocalScale: {x: .899999976, y: .899999797, z: .899999917}
  m_Children: []
  m_Father: {fileID: 420666}
  m_RootOrder: 3
--- !u!4 &455870
Transform:
  m_ObjectHideFlags: 1
  m_PrefabParentObject: {fileID: 0}
  m_PrefabInternal: {fileID: 100100000}
  m_GameObject: {fileID: 155870}
  m_LocalRotation: {x: -.500902951, y: .428344697, z: .535673618, w: .527892947}
  m_LocalPosition: {x: .130000427, y: -.0960003212, z: -.00800023228}
  m_LocalScale: {x: .900000036, y: .899999678, z: .900000036}
  m_Children: []
  m_Father: {fileID: 420680}
  m_RootOrder: 1
--- !u!95 &9520692
Animator:
  serializedVersion: 3
  m_ObjectHideFlags: 1
  m_PrefabParentObject: {fileID: 0}
  m_PrefabInternal: {fileID: 100100000}
  m_GameObject: {fileID: 120692}
  m_Enabled: 1
  m_Avatar: {fileID: 9000000, guid: 4a9956bcabf81ac46ba4a3c1f70b40ae, type: 3}
  m_Controller: {fileID: 9100000, guid: fdfcee1fefa4c8a4a839e67c2e46d6fd, type: 2}
  m_CullingMode: 1
  m_UpdateMode: 0
  m_ApplyRootMotion: 1
  m_HasTransformHierarchy: 1
  m_AllowConstantClipSamplingOptimization: 1
--- !u!137 &13718396
SkinnedMeshRenderer:
  m_ObjectHideFlags: 1
  m_PrefabParentObject: {fileID: 0}
  m_PrefabInternal: {fileID: 100100000}
  m_GameObject: {fileID: 120688}
  m_Enabled: 1
  m_CastShadows: 1
  m_ReceiveShadows: 1
  m_LightmapIndex: 255
  m_LightmapTilingOffset: {x: 1, y: 1, z: 0, w: 0}
  m_Materials:
  - {fileID: 2100000, guid: 69319d19f421f514e9d622bfb4cac040, type: 2}
  m_SubsetIndices: 
  m_StaticBatchRoot: {fileID: 0}
  m_UseLightProbes: 0
  m_LightProbeAnchor: {fileID: 0}
  m_ScaleInLightmap: 1
  m_SortingLayerID: 0
  m_SortingOrder: 0
  serializedVersion: 2
  m_Quality: 0
  m_UpdateWhenOffscreen: 0
  m_Mesh: {fileID: 4300000, guid: 4a9956bcabf81ac46ba4a3c1f70b40ae, type: 3}
  m_Bones:
  - {fileID: 420684}
  - {fileID: 420680}
  - {fileID: 420658}
  - {fileID: 420666}
  - {fileID: 420660}
  - {fileID: 420656}
  - {fileID: 420652}
  - {fileID: 420662}
  - {fileID: 420686}
  - {fileID: 420664}
  - {fileID: 420682}
  - {fileID: 420650}
  - {fileID: 420646}
  - {fileID: 420644}
  - {fileID: 420638}
  - {fileID: 420632}
  - {fileID: 420636}
  - {fileID: 420630}
  - {fileID: 420640}
  - {fileID: 420634}
  - {fileID: 420654}
  - {fileID: 420628}
  - {fileID: 420626}
  - {fileID: 420622}
  - {fileID: 420620}
  - {fileID: 418392}
  - {fileID: 418386}
  - {fileID: 418390}
  - {fileID: 418384}
  - {fileID: 418394}
  - {fileID: 418388}
  - {fileID: 420672}
  - {fileID: 420670}
  - {fileID: 420668}
  - {fileID: 420678}
  - {fileID: 420676}
  - {fileID: 420674}
  m_BlendShapeWeights: []
  m_RootBone: {fileID: 420680}
  m_AABB:
    m_Center: {x: .26398176, y: -.0628375709, z: 0}
    m_Extent: {x: .89444524, y: .216173381, z: .577067673}
  m_DirtyAABB: 0
--- !u!1001 &100100000
Prefab:
  m_ObjectHideFlags: 1
  serializedVersion: 2
  m_Modification:
    m_TransformParent: {fileID: 0}
    m_Modifications: []
    m_RemovedComponents: []
  m_ParentPrefab: {fileID: 0}
  m_RootGameObject: {fileID: 120692}
  m_IsPrefabParent: 1
  m_IsExploded: 1
