%YAML 1.1
%TAG !u! tag:unity3d.com,2011:
--- !u!1 &186950
GameObject:
  m_ObjectHideFlags: 1
  m_PrefabParentObject: {fileID: 0}
  m_PrefabInternal: {fileID: 100100000}
  serializedVersion: 4
  m_Component:
  - 4: {fileID: 486950}
  m_Layer: 0
  m_Name: Bip001 R Finger0Nub
  m_TagString: Untagged
  m_Icon: {fileID: 0}
  m_NavMeshLayer: 0
  m_StaticEditorFlags: 0
  m_IsActive: 1
--- !u!1 &186952
GameObject:
  m_ObjectHideFlags: 1
  m_PrefabParentObject: {fileID: 0}
  m_PrefabInternal: {fileID: 100100000}
  serializedVersion: 4
  m_Component:
  - 4: {fileID: 486952}
  m_Layer: 0
  m_Name: Bip_RightHandThumb2
  m_TagString: Untagged
  m_Icon: {fileID: 0}
  m_NavMeshLayer: 0
  m_StaticEditorFlags: 0
  m_IsActive: 1
--- !u!1 &186954
GameObject:
  m_ObjectHideFlags: 1
  m_PrefabParentObject: {fileID: 0}
  m_PrefabInternal: {fileID: 100100000}
  serializedVersion: 4
  m_Component:
  - 4: {fileID: 486962}
  m_Layer: 0
  m_Name: Bip_RightHandThumb1
  m_TagString: Untagged
  m_Icon: {fileID: 0}
  m_NavMeshLayer: 0
  m_StaticEditorFlags: 0
  m_IsActive: 1
--- !u!1 &186956
GameObject:
  m_ObjectHideFlags: 1
  m_PrefabParentObject: {fileID: 0}
  m_PrefabInternal: {fileID: 100100000}
  serializedVersion: 4
  m_Component:
  - 4: {fileID: 486954}
  m_Layer: 0
  m_Name: Bip001 R Finger2Nub
  m_TagString: Untagged
  m_Icon: {fileID: 0}
  m_NavMeshLayer: 0
  m_StaticEditorFlags: 0
  m_IsActive: 1
--- !u!1 &186958
GameObject:
  m_ObjectHideFlags: 1
  m_PrefabParentObject: {fileID: 0}
  m_PrefabInternal: {fileID: 100100000}
  serializedVersion: 4
  m_Component:
  - 4: {fileID: 486956}
  m_Layer: 0
  m_Name: Bip_RightHandMiddle2
  m_TagString: Untagged
  m_Icon: {fileID: 0}
  m_NavMeshLayer: 0
  m_StaticEditorFlags: 0
  m_IsActive: 1
--- !u!1 &186960
GameObject:
  m_ObjectHideFlags: 1
  m_PrefabParentObject: {fileID: 0}
  m_PrefabInternal: {fileID: 100100000}
  serializedVersion: 4
  m_Component:
  - 4: {fileID: 486964}
  m_Layer: 0
  m_Name: Bip_RightHandMiddle1
  m_TagString: Untagged
  m_Icon: {fileID: 0}
  m_NavMeshLayer: 0
  m_StaticEditorFlags: 0
  m_IsActive: 1
--- !u!1 &186962
GameObject:
  m_ObjectHideFlags: 1
  m_PrefabParentObject: {fileID: 0}
  m_PrefabInternal: {fileID: 100100000}
  serializedVersion: 4
  m_Component:
  - 4: {fileID: 486958}
  m_Layer: 0
  m_Name: Bip001 R Finger1Nub
  m_TagString: Untagged
  m_Icon: {fileID: 0}
  m_NavMeshLayer: 0
  m_StaticEditorFlags: 0
  m_IsActive: 1
--- !u!1 &186964
GameObject:
  m_ObjectHideFlags: 1
  m_PrefabParentObject: {fileID: 0}
  m_PrefabInternal: {fileID: 100100000}
  serializedVersion: 4
  m_Component:
  - 4: {fileID: 486960}
  m_Layer: 0
  m_Name: Bip_RightHandIndex2
  m_TagString: Untagged
  m_Icon: {fileID: 0}
  m_NavMeshLayer: 0
  m_StaticEditorFlags: 0
  m_IsActive: 1
--- !u!1 &186966
GameObject:
  m_ObjectHideFlags: 1
  m_PrefabParentObject: {fileID: 0}
  m_PrefabInternal: {fileID: 100100000}
  serializedVersion: 4
  m_Component:
  - 4: {fileID: 486966}
  m_Layer: 0
  m_Name: Bip_RightHandIndex1
  m_TagString: Untagged
  m_Icon: {fileID: 0}
  m_NavMeshLayer: 0
  m_StaticEditorFlags: 0
  m_IsActive: 1
--- !u!1 &186968
GameObject:
  m_ObjectHideFlags: 1
  m_PrefabParentObject: {fileID: 0}
  m_PrefabInternal: {fileID: 100100000}
  serializedVersion: 4
  m_Component:
  - 4: {fileID: 486968}
  m_Layer: 0
  m_Name: Bip_Hips R ForeTwist1
  m_TagString: Untagged
  m_Icon: {fileID: 0}
  m_NavMeshLayer: 0
  m_StaticEditorFlags: 0
  m_IsActive: 1
--- !u!1 &186970
GameObject:
  m_ObjectHideFlags: 1
  m_PrefabParentObject: {fileID: 0}
  m_PrefabInternal: {fileID: 100100000}
  serializedVersion: 4
  m_Component:
  - 4: {fileID: 486970}
  m_Layer: 0
  m_Name: Bip_Hips R ForeTwist
  m_TagString: Untagged
  m_Icon: {fileID: 0}
  m_NavMeshLayer: 0
  m_StaticEditorFlags: 0
  m_IsActive: 1
--- !u!1 &186972
GameObject:
  m_ObjectHideFlags: 1
  m_PrefabParentObject: {fileID: 0}
  m_PrefabInternal: {fileID: 100100000}
  serializedVersion: 4
  m_Component:
  - 4: {fileID: 486996}
  m_Layer: 0
  m_Name: Bip_RightShoulder
  m_TagString: Untagged
  m_Icon: {fileID: 0}
  m_NavMeshLayer: 0
  m_StaticEditorFlags: 0
  m_IsActive: 1
--- !u!1 &186974
GameObject:
  m_ObjectHideFlags: 1
  m_PrefabParentObject: {fileID: 0}
  m_PrefabInternal: {fileID: 100100000}
  serializedVersion: 4
  m_Component:
  - 4: {fileID: 486972}
  m_Layer: 0
  m_Name: Bip001 L Finger0Nub
  m_TagString: Untagged
  m_Icon: {fileID: 0}
  m_NavMeshLayer: 0
  m_StaticEditorFlags: 0
  m_IsActive: 1
--- !u!1 &186976
GameObject:
  m_ObjectHideFlags: 1
  m_PrefabParentObject: {fileID: 0}
  m_PrefabInternal: {fileID: 100100000}
  serializedVersion: 4
  m_Component:
  - 4: {fileID: 486974}
  m_Layer: 0
  m_Name: Bip_LeftHandThumb2
  m_TagString: Untagged
  m_Icon: {fileID: 0}
  m_NavMeshLayer: 0
  m_StaticEditorFlags: 0
  m_IsActive: 1
--- !u!1 &186978
GameObject:
  m_ObjectHideFlags: 1
  m_PrefabParentObject: {fileID: 0}
  m_PrefabInternal: {fileID: 100100000}
  serializedVersion: 4
  m_Component:
  - 4: {fileID: 486984}
  m_Layer: 0
  m_Name: Bip_LeftHandThumb1
  m_TagString: Untagged
  m_Icon: {fileID: 0}
  m_NavMeshLayer: 0
  m_StaticEditorFlags: 0
  m_IsActive: 1
--- !u!1 &186980
GameObject:
  m_ObjectHideFlags: 1
  m_PrefabParentObject: {fileID: 0}
  m_PrefabInternal: {fileID: 100100000}
  serializedVersion: 4
  m_Component:
  - 4: {fileID: 486976}
  m_Layer: 0
  m_Name: Bip001 L Finger2Nub
  m_TagString: Untagged
  m_Icon: {fileID: 0}
  m_NavMeshLayer: 0
  m_StaticEditorFlags: 0
  m_IsActive: 1
--- !u!1 &186982
GameObject:
  m_ObjectHideFlags: 1
  m_PrefabParentObject: {fileID: 0}
  m_PrefabInternal: {fileID: 100100000}
  serializedVersion: 4
  m_Component:
  - 4: {fileID: 486978}
  m_Layer: 0
  m_Name: Bip_LeftHandMiddle2
  m_TagString: Untagged
  m_Icon: {fileID: 0}
  m_NavMeshLayer: 0
  m_StaticEditorFlags: 0
  m_IsActive: 1
--- !u!1 &186984
GameObject:
  m_ObjectHideFlags: 1
  m_PrefabParentObject: {fileID: 0}
  m_PrefabInternal: {fileID: 100100000}
  serializedVersion: 4
  m_Component:
  - 4: {fileID: 486986}
  m_Layer: 0
  m_Name: Bip_LeftHandMiddle1
  m_TagString: Untagged
  m_Icon: {fileID: 0}
  m_NavMeshLayer: 0
  m_StaticEditorFlags: 0
  m_IsActive: 1
--- !u!1 &186986
GameObject:
  m_ObjectHideFlags: 1
  m_PrefabParentObject: {fileID: 0}
  m_PrefabInternal: {fileID: 100100000}
  serializedVersion: 4
  m_Component:
  - 4: {fileID: 486980}
  m_Layer: 0
  m_Name: Bip001 L Finger1Nub
  m_TagString: Untagged
  m_Icon: {fileID: 0}
  m_NavMeshLayer: 0
  m_StaticEditorFlags: 0
  m_IsActive: 1
--- !u!1 &186988
GameObject:
  m_ObjectHideFlags: 1
  m_PrefabParentObject: {fileID: 0}
  m_PrefabInternal: {fileID: 100100000}
  serializedVersion: 4
  m_Component:
  - 4: {fileID: 486982}
  m_Layer: 0
  m_Name: Bip_LeftHandIndex2
  m_TagString: Untagged
  m_Icon: {fileID: 0}
  m_NavMeshLayer: 0
  m_StaticEditorFlags: 0
  m_IsActive: 1
--- !u!1 &186990
GameObject:
  m_ObjectHideFlags: 1
  m_PrefabParentObject: {fileID: 0}
  m_PrefabInternal: {fileID: 100100000}
  serializedVersion: 4
  m_Component:
  - 4: {fileID: 486988}
  m_Layer: 0
  m_Name: Bip_LeftHandIndex1
  m_TagString: Untagged
  m_Icon: {fileID: 0}
  m_NavMeshLayer: 0
  m_StaticEditorFlags: 0
  m_IsActive: 1
--- !u!1 &186992
GameObject:
  m_ObjectHideFlags: 1
  m_PrefabParentObject: {fileID: 0}
  m_PrefabInternal: {fileID: 100100000}
  serializedVersion: 4
  m_Component:
  - 4: {fileID: 486990}
  m_Layer: 0
  m_Name: Bip_Hips L ForeTwist1
  m_TagString: Untagged
  m_Icon: {fileID: 0}
  m_NavMeshLayer: 0
  m_StaticEditorFlags: 0
  m_IsActive: 1
--- !u!1 &186994
GameObject:
  m_ObjectHideFlags: 1
  m_PrefabParentObject: {fileID: 0}
  m_PrefabInternal: {fileID: 100100000}
  serializedVersion: 4
  m_Component:
  - 4: {fileID: 486992}
  m_Layer: 0
  m_Name: Bip_Hips L ForeTwist
  m_TagString: Untagged
  m_Icon: {fileID: 0}
  m_NavMeshLayer: 0
  m_StaticEditorFlags: 0
  m_IsActive: 1
--- !u!1 &186996
GameObject:
  m_ObjectHideFlags: 1
  m_PrefabParentObject: {fileID: 0}
  m_PrefabInternal: {fileID: 100100000}
  serializedVersion: 4
  m_Component:
  - 4: {fileID: 486998}
  m_Layer: 0
  m_Name: Bip_LeftShoulder
  m_TagString: Untagged
  m_Icon: {fileID: 0}
  m_NavMeshLayer: 0
  m_StaticEditorFlags: 0
  m_IsActive: 1
--- !u!1 &186998
GameObject:
  m_ObjectHideFlags: 1
  m_PrefabParentObject: {fileID: 0}
  m_PrefabInternal: {fileID: 100100000}
  serializedVersion: 4
  m_Component:
  - 4: {fileID: 486994}
  m_Layer: 0
  m_Name: Bip001 HeadNub
  m_TagString: Untagged
  m_Icon: {fileID: 0}
  m_NavMeshLayer: 0
  m_StaticEditorFlags: 0
  m_IsActive: 1
--- !u!1 &187000
GameObject:
  m_ObjectHideFlags: 1
  m_PrefabParentObject: {fileID: 0}
  m_PrefabInternal: {fileID: 100100000}
  serializedVersion: 4
  m_Component:
  - 4: {fileID: 487000}
  m_Layer: 0
  m_Name: Bip_Neck
  m_TagString: Untagged
  m_Icon: {fileID: 0}
  m_NavMeshLayer: 0
  m_StaticEditorFlags: 0
  m_IsActive: 1
--- !u!1 &187002
GameObject:
  m_ObjectHideFlags: 1
  m_PrefabParentObject: {fileID: 0}
  m_PrefabInternal: {fileID: 100100000}
  serializedVersion: 4
  m_Component:
  - 4: {fileID: 487010}
  m_Layer: 0
  m_Name: Bip_Spine
  m_TagString: Untagged
  m_Icon: {fileID: 0}
  m_NavMeshLayer: 0
  m_StaticEditorFlags: 0
  m_IsActive: 1
--- !u!1 &187004
GameObject:
  m_ObjectHideFlags: 1
  m_PrefabParentObject: {fileID: 0}
  m_PrefabInternal: {fileID: 100100000}
  serializedVersion: 4
  m_Component:
  - 4: {fileID: 487002}
  m_Layer: 0
  m_Name: Bip001 R Toe0Nub
  m_TagString: Untagged
  m_Icon: {fileID: 0}
  m_NavMeshLayer: 0
  m_StaticEditorFlags: 0
  m_IsActive: 1
--- !u!1 &187006
GameObject:
  m_ObjectHideFlags: 1
  m_PrefabParentObject: {fileID: 0}
  m_PrefabInternal: {fileID: 100100000}
  serializedVersion: 4
  m_Component:
  - 4: {fileID: 487004}
  m_Layer: 0
  m_Name: Bip_RightToe
  m_TagString: Untagged
  m_Icon: {fileID: 0}
  m_NavMeshLayer: 0
  m_StaticEditorFlags: 0
  m_IsActive: 1
--- !u!1 &187008
GameObject:
  m_ObjectHideFlags: 1
  m_PrefabParentObject: {fileID: 0}
  m_PrefabInternal: {fileID: 100100000}
  serializedVersion: 4
  m_Component:
  - 4: {fileID: 487006}
  m_Layer: 0
  m_Name: Bip001 L Toe0Nub
  m_TagString: Untagged
  m_Icon: {fileID: 0}
  m_NavMeshLayer: 0
  m_StaticEditorFlags: 0
  m_IsActive: 1
--- !u!1 &187010
GameObject:
  m_ObjectHideFlags: 1
  m_PrefabParentObject: {fileID: 0}
  m_PrefabInternal: {fileID: 100100000}
  serializedVersion: 4
  m_Component:
  - 4: {fileID: 487008}
  m_Layer: 0
  m_Name: Bip_LeftToe
  m_TagString: Untagged
  m_Icon: {fileID: 0}
  m_NavMeshLayer: 0
  m_StaticEditorFlags: 0
  m_IsActive: 1
--- !u!1 &187012
GameObject:
  m_ObjectHideFlags: 0
  m_PrefabParentObject: {fileID: 0}
  m_PrefabInternal: {fileID: 100100000}
  serializedVersion: 4
  m_Component:
  - 4: {fileID: 487012}
  m_Layer: 0
  m_Name: Bip_Hips
  m_TagString: Untagged
  m_Icon: {fileID: 0}
  m_NavMeshLayer: 0
  m_StaticEditorFlags: 0
  m_IsActive: 1
--- !u!1 &187014
GameObject:
  m_ObjectHideFlags: 0
  m_PrefabParentObject: {fileID: 0}
  m_PrefabInternal: {fileID: 100100000}
  serializedVersion: 4
  m_Component:
  - 4: {fileID: 487014}
  - 137: {fileID: 13787050}
  m_Layer: 0
  m_Name: Object05
  m_TagString: Untagged
  m_Icon: {fileID: 0}
  m_NavMeshLayer: 0
  m_StaticEditorFlags: 0
  m_IsActive: 1
--- !u!1 &187016
GameObject:
  m_ObjectHideFlags: 1
  m_PrefabParentObject: {fileID: 0}
  m_PrefabInternal: {fileID: 100100000}
  serializedVersion: 4
  m_Component:
  - 4: {fileID: 487016}
  - 65: {fileID: 6580502}
  m_Layer: 0
  m_Name: Bip_RightUpperLeg
  m_TagString: Untagged
  m_Icon: {fileID: 0}
  m_NavMeshLayer: 0
  m_StaticEditorFlags: 0
  m_IsActive: 1
--- !u!1 &187018
GameObject:
  m_ObjectHideFlags: 1
  m_PrefabParentObject: {fileID: 0}
  m_PrefabInternal: {fileID: 100100000}
  serializedVersion: 4
  m_Component:
  - 4: {fileID: 487018}
  - 65: {fileID: 6580490}
  m_Layer: 0
  m_Name: Bip_RightUpperArm
  m_TagString: Untagged
  m_Icon: {fileID: 0}
  m_NavMeshLayer: 0
  m_StaticEditorFlags: 0
  m_IsActive: 1
--- !u!1 &187020
GameObject:
  m_ObjectHideFlags: 1
  m_PrefabParentObject: {fileID: 0}
  m_PrefabInternal: {fileID: 100100000}
  serializedVersion: 4
  m_Component:
  - 4: {fileID: 487020}
  - 65: {fileID: 6580500}
  m_Layer: 0
  m_Name: Bip_RightLowerLeg
  m_TagString: Untagged
  m_Icon: {fileID: 0}
  m_NavMeshLayer: 0
  m_StaticEditorFlags: 0
  m_IsActive: 1
--- !u!1 &187022
GameObject:
  m_ObjectHideFlags: 1
  m_PrefabParentObject: {fileID: 0}
  m_PrefabInternal: {fileID: 100100000}
  serializedVersion: 4
  m_Component:
  - 4: {fileID: 487022}
  - 65: {fileID: 6580488}
  m_Layer: 0
  m_Name: Bip_RightLowerArm
  m_TagString: Untagged
  m_Icon: {fileID: 0}
  m_NavMeshLayer: 0
  m_StaticEditorFlags: 0
  m_IsActive: 1
--- !u!1 &187024
GameObject:
  m_ObjectHideFlags: 1
  m_PrefabParentObject: {fileID: 0}
  m_PrefabInternal: {fileID: 100100000}
  serializedVersion: 4
  m_Component:
  - 4: {fileID: 487024}
  m_Layer: 0
  m_Name: Bip_RightHandCenter
  m_TagString: Untagged
  m_Icon: {fileID: 0}
  m_NavMeshLayer: 0
  m_StaticEditorFlags: 0
  m_IsActive: 1
--- !u!1 &187026
GameObject:
  m_ObjectHideFlags: 1
  m_PrefabParentObject: {fileID: 0}
  m_PrefabInternal: {fileID: 100100000}
  serializedVersion: 4
  m_Component:
  - 4: {fileID: 487026}
  m_Layer: 0
  m_Name: Bip_RightHand
  m_TagString: Untagged
  m_Icon: {fileID: 0}
  m_NavMeshLayer: 0
  m_StaticEditorFlags: 0
  m_IsActive: 1
--- !u!1 &187028
GameObject:
  m_ObjectHideFlags: 1
  m_PrefabParentObject: {fileID: 0}
  m_PrefabInternal: {fileID: 100100000}
  serializedVersion: 4
  m_Component:
  - 4: {fileID: 487028}
  m_Layer: 0
  m_Name: Bip_RightFoot
  m_TagString: Untagged
  m_Icon: {fileID: 0}
  m_NavMeshLayer: 0
  m_StaticEditorFlags: 0
  m_IsActive: 1
--- !u!1 &187030
GameObject:
  m_ObjectHideFlags: 1
  m_PrefabParentObject: {fileID: 0}
  m_PrefabInternal: {fileID: 100100000}
  serializedVersion: 4
  m_Component:
  - 4: {fileID: 487030}
  m_Layer: 0
  m_Name: Bip_Pelvis
  m_TagString: Untagged
  m_Icon: {fileID: 0}
  m_NavMeshLayer: 0
  m_StaticEditorFlags: 0
  m_IsActive: 1
--- !u!1 &187032
GameObject:
  m_ObjectHideFlags: 1
  m_PrefabParentObject: {fileID: 0}
  m_PrefabInternal: {fileID: 100100000}
  serializedVersion: 4
  m_Component:
  - 4: {fileID: 487032}
  - 65: {fileID: 6580506}
  m_Layer: 0
  m_Name: Bip_LeftUpperLeg
  m_TagString: Untagged
  m_Icon: {fileID: 0}
  m_NavMeshLayer: 0
  m_StaticEditorFlags: 0
  m_IsActive: 1
--- !u!1 &187034
GameObject:
  m_ObjectHideFlags: 1
  m_PrefabParentObject: {fileID: 0}
  m_PrefabInternal: {fileID: 100100000}
  serializedVersion: 4
  m_Component:
  - 4: {fileID: 487034}
  - 65: {fileID: 6580494}
  m_Layer: 0
  m_Name: Bip_LeftUpperArm
  m_TagString: Untagged
  m_Icon: {fileID: 0}
  m_NavMeshLayer: 0
  m_StaticEditorFlags: 0
  m_IsActive: 1
--- !u!1 &187036
GameObject:
  m_ObjectHideFlags: 1
  m_PrefabParentObject: {fileID: 0}
  m_PrefabInternal: {fileID: 100100000}
  serializedVersion: 4
  m_Component:
  - 4: {fileID: 487036}
  - 65: {fileID: 6580504}
  m_Layer: 0
  m_Name: Bip_LeftLowerLeg
  m_TagString: Untagged
  m_Icon: {fileID: 0}
  m_NavMeshLayer: 0
  m_StaticEditorFlags: 0
  m_IsActive: 1
--- !u!1 &187038
GameObject:
  m_ObjectHideFlags: 1
  m_PrefabParentObject: {fileID: 0}
  m_PrefabInternal: {fileID: 100100000}
  serializedVersion: 4
  m_Component:
  - 4: {fileID: 487038}
  - 65: {fileID: 6580492}
  m_Layer: 0
  m_Name: Bip_LeftLowerArm
  m_TagString: Untagged
  m_Icon: {fileID: 0}
  m_NavMeshLayer: 0
  m_StaticEditorFlags: 0
  m_IsActive: 1
--- !u!1 &187040
GameObject:
  m_ObjectHideFlags: 1
  m_PrefabParentObject: {fileID: 0}
  m_PrefabInternal: {fileID: 100100000}
  serializedVersion: 4
  m_Component:
  - 4: {fileID: 487040}
  m_Layer: 0
  m_Name: Bip_LeftHandCenter
  m_TagString: Untagged
  m_Icon: {fileID: 0}
  m_NavMeshLayer: 0
  m_StaticEditorFlags: 0
  m_IsActive: 1
--- !u!1 &187042
GameObject:
  m_ObjectHideFlags: 1
  m_PrefabParentObject: {fileID: 0}
  m_PrefabInternal: {fileID: 100100000}
  serializedVersion: 4
  m_Component:
  - 4: {fileID: 487042}
  m_Layer: 0
  m_Name: Bip_LeftHand
  m_TagString: Untagged
  m_Icon: {fileID: 0}
  m_NavMeshLayer: 0
  m_StaticEditorFlags: 0
  m_IsActive: 1
--- !u!1 &187044
GameObject:
  m_ObjectHideFlags: 1
  m_PrefabParentObject: {fileID: 0}
  m_PrefabInternal: {fileID: 100100000}
  serializedVersion: 4
  m_Component:
  - 4: {fileID: 487044}
  m_Layer: 0
  m_Name: Bip_LeftFoot
  m_TagString: Untagged
  m_Icon: {fileID: 0}
  m_NavMeshLayer: 0
  m_StaticEditorFlags: 0
  m_IsActive: 1
--- !u!1 &187046
GameObject:
  m_ObjectHideFlags: 1
  m_PrefabParentObject: {fileID: 0}
  m_PrefabInternal: {fileID: 100100000}
  serializedVersion: 4
  m_Component:
  - 4: {fileID: 487046}
  - 65: {fileID: 6580496}
  m_Layer: 0
  m_Name: Bip_Head
  m_TagString: Untagged
  m_Icon: {fileID: 0}
  m_NavMeshLayer: 0
  m_StaticEditorFlags: 0
  m_IsActive: 1
--- !u!1 &187048
GameObject:
  m_ObjectHideFlags: 1
  m_PrefabParentObject: {fileID: 0}
  m_PrefabInternal: {fileID: 100100000}
  serializedVersion: 4
  m_Component:
  - 4: {fileID: 487048}
  - 65: {fileID: 6580498}
  m_Layer: 0
  m_Name: Bip_Chest
  m_TagString: Untagged
  m_Icon: {fileID: 0}
  m_NavMeshLayer: 0
  m_StaticEditorFlags: 0
  m_IsActive: 1
--- !u!1 &187050
GameObject:
  m_ObjectHideFlags: 0
  m_PrefabParentObject: {fileID: 0}
  m_PrefabInternal: {fileID: 100100000}
  serializedVersion: 4
  m_Component:
  - 4: {fileID: 487050}
  - 95: {fileID: 9587050}
  m_Layer: 0
  m_Name: yingxionggun
  m_TagString: Untagged
  m_Icon: {fileID: 0}
  m_NavMeshLayer: 0
  m_StaticEditorFlags: 0
  m_IsActive: 1
--- !u!4 &486950
Transform:
  m_ObjectHideFlags: 1
  m_PrefabParentObject: {fileID: 0}
  m_PrefabInternal: {fileID: 100100000}
  m_GameObject: {fileID: 186950}
  m_LocalRotation: {x: 0, y: 0, z: 1, w: -7.4505806e-09}
  m_LocalPosition: {x: -.0406525396, y: 0, z: -7.62939436e-08}
  m_LocalScale: {x: -1, y: -1.00000012, z: -1}
  m_Children: []
  m_Father: {fileID: 486952}
  m_RootOrder: 0
--- !u!4 &486952
Transform:
  m_ObjectHideFlags: 1
  m_PrefabParentObject: {fileID: 0}
  m_PrefabInternal: {fileID: 100100000}
  m_GameObject: {fileID: 186952}
  m_LocalRotation: {x: 0, y: 0, z: -.225022152, w: .974353671}
  m_LocalPosition: {x: -.0539989844, y: 0, z: 0}
  m_LocalScale: {x: 1.00000012, y: 1.00000012, z: 1}
  m_Children:
  - {fileID: 486950}
  m_Father: {fileID: 486962}
  m_RootOrder: 0
--- !u!4 &486954
Transform:
  m_ObjectHideFlags: 1
  m_PrefabParentObject: {fileID: 0}
  m_PrefabInternal: {fileID: 100100000}
  m_GameObject: {fileID: 186956}
  m_LocalRotation: {x: -7.4505806e-09, y: 2.77555756e-17, z: 1, w: 3.7252903e-09}
  m_LocalPosition: {x: -.0431225561, y: 3.81469718e-08, z: 0}
  m_LocalScale: {x: -1, y: -.99999994, z: -1}
  m_Children: []
  m_Father: {fileID: 486956}
  m_RootOrder: 0
--- !u!4 &486956
Transform:
  m_ObjectHideFlags: 1
  m_PrefabParentObject: {fileID: 0}
  m_PrefabInternal: {fileID: 100100000}
  m_GameObject: {fileID: 186958}
  m_LocalRotation: {x: 1.50574753e-08, y: -8.91354013e-09, z: -.0945086852, w: .995524049}
  m_LocalPosition: {x: -.0486135855, y: 0, z: -9.53674295e-09}
  m_LocalScale: {x: .999999881, y: .99999994, z: .999999881}
  m_Children:
  - {fileID: 486954}
  m_Father: {fileID: 486964}
  m_RootOrder: 0
--- !u!4 &486958
Transform:
  m_ObjectHideFlags: 1
  m_PrefabParentObject: {fileID: 0}
  m_PrefabInternal: {fileID: 100100000}
  m_GameObject: {fileID: 186962}
  m_LocalRotation: {x: -3.13648828e-25, y: -5.12227416e-09, z: 1, w: 6.12323426e-17}
  m_LocalPosition: {x: -.0433979779, y: 0, z: 0}
  m_LocalScale: {x: -1, y: -1, z: -1}
  m_Children: []
  m_Father: {fileID: 486960}
  m_RootOrder: 0
--- !u!4 &486960
Transform:
  m_ObjectHideFlags: 1
  m_PrefabParentObject: {fileID: 0}
  m_PrefabInternal: {fileID: 100100000}
  m_GameObject: {fileID: 186964}
  m_LocalRotation: {x: 7.78274956e-09, y: -3.10343751e-08, z: -.126348749, w: .991985917}
  m_LocalPosition: {x: -.0413349159, y: 0, z: 0}
  m_LocalScale: {x: 1.00000024, y: 1.00000012, z: 1.00000024}
  m_Children:
  - {fileID: 486958}
  m_Father: {fileID: 486966}
  m_RootOrder: 0
--- !u!4 &486962
Transform:
  m_ObjectHideFlags: 1
  m_PrefabParentObject: {fileID: 0}
  m_PrefabInternal: {fileID: 100100000}
  m_GameObject: {fileID: 186954}
  m_LocalRotation: {x: -.607907414, y: .239549845, z: .059678752, w: .754654169}
  m_LocalPosition: {x: -.0385183319, y: .00923553482, z: .0517777614}
  m_LocalScale: {x: .99999994, y: 1.00000012, z: 1.00000012}
  m_Children:
  - {fileID: 486952}
  m_Father: {fileID: 487026}
  m_RootOrder: 3
--- !u!4 &486964
Transform:
  m_ObjectHideFlags: 1
  m_PrefabParentObject: {fileID: 0}
  m_PrefabInternal: {fileID: 100100000}
  m_GameObject: {fileID: 186960}
  m_LocalRotation: {x: .0245000403, y: .0122015988, z: -.13675119, w: .990227222}
  m_LocalPosition: {x: -.111462362, y: -.00159660331, z: -.00876808167}
  m_LocalScale: {x: 1.00000012, y: 1.00000012, z: 1.00000012}
  m_Children:
  - {fileID: 486956}
  m_Father: {fileID: 487026}
  m_RootOrder: 2
--- !u!4 &486966
Transform:
  m_ObjectHideFlags: 1
  m_PrefabParentObject: {fileID: 0}
  m_PrefabInternal: {fileID: 100100000}
  m_GameObject: {fileID: 186966}
  m_LocalRotation: {x: .00527761038, y: .0629553497, z: -.140916243, w: .988003731}
  m_LocalPosition: {x: -.120798945, y: -.0118659204, z: .0331223086}
  m_LocalScale: {x: .99999994, y: 1, z: 1}
  m_Children:
  - {fileID: 486960}
  m_Father: {fileID: 487026}
  m_RootOrder: 1
--- !u!4 &486968
Transform:
  m_ObjectHideFlags: 1
  m_PrefabParentObject: {fileID: 0}
  m_PrefabInternal: {fileID: 100100000}
  m_GameObject: {fileID: 186968}
  m_LocalRotation: {x: -.000515326916, y: 1.49030797e-08, z: -3.71761089e-09, w: .999999881}
  m_LocalPosition: {x: -.105062179, y: 0, z: -7.62939436e-08}
  m_LocalScale: {x: 1, y: 1, z: 1}
  m_Children: []
  m_Father: {fileID: 486970}
  m_RootOrder: 0
--- !u!4 &486970
Transform:
  m_ObjectHideFlags: 1
  m_PrefabParentObject: {fileID: 0}
  m_PrefabInternal: {fileID: 100100000}
  m_GameObject: {fileID: 186970}
  m_LocalRotation: {x: -.000511623046, y: -6.17671176e-05, z: .119828746, w: .992794454}
  m_LocalPosition: {x: -.243855134, y: -9.53674295e-09, z: 0}
  m_LocalScale: {x: 1, y: 1, z: 1}
  m_Children:
  - {fileID: 486968}
  m_Father: {fileID: 487018}
  m_RootOrder: 0
--- !u!4 &486972
Transform:
  m_ObjectHideFlags: 1
  m_PrefabParentObject: {fileID: 0}
  m_PrefabInternal: {fileID: 100100000}
  m_GameObject: {fileID: 186974}
  m_LocalRotation: {x: 0, y: 7.4505806e-09, z: -0, w: 1}
  m_LocalPosition: {x: -.0406525396, y: 0, z: 0}
  m_LocalScale: {x: 1, y: 1, z: 1}
  m_Children: []
  m_Father: {fileID: 486974}
  m_RootOrder: 0
--- !u!4 &486974
Transform:
  m_ObjectHideFlags: 1
  m_PrefabParentObject: {fileID: 0}
  m_PrefabInternal: {fileID: 100100000}
  m_GameObject: {fileID: 186976}
  m_LocalRotation: {x: -1.81487514e-09, y: 4.19136476e-10, z: -.225022167, w: .974353671}
  m_LocalPosition: {x: -.0539990216, y: -3.81469718e-08, z: 0}
  m_LocalScale: {x: 1.00000012, y: 1, z: 1}
  m_Children:
  - {fileID: 486972}
  m_Father: {fileID: 486984}
  m_RootOrder: 0
--- !u!4 &486976
Transform:
  m_ObjectHideFlags: 1
  m_PrefabParentObject: {fileID: 0}
  m_PrefabInternal: {fileID: 100100000}
  m_GameObject: {fileID: 186980}
  m_LocalRotation: {x: -9.31322575e-10, y: -3.46944695e-18, z: 3.7252903e-09, w: 1}
  m_LocalPosition: {x: -.0431225561, y: -3.81469718e-08, z: 0}
  m_LocalScale: {x: 1, y: 1, z: .99999994}
  m_Children: []
  m_Father: {fileID: 486978}
  m_RootOrder: 0
--- !u!4 &486978
Transform:
  m_ObjectHideFlags: 1
  m_PrefabParentObject: {fileID: 0}
  m_PrefabInternal: {fileID: 100100000}
  m_GameObject: {fileID: 186982}
  m_LocalRotation: {x: -9.2715402e-10, y: 8.80180859e-11, z: -.0945087001, w: .995524049}
  m_LocalPosition: {x: -.0486137383, y: 0, z: 9.53674295e-09}
  m_LocalScale: {x: 1, y: 1, z: 1}
  m_Children:
  - {fileID: 486976}
  m_Father: {fileID: 486986}
  m_RootOrder: 0
--- !u!4 &486980
Transform:
  m_ObjectHideFlags: 1
  m_PrefabParentObject: {fileID: 0}
  m_PrefabInternal: {fileID: 100100000}
  m_GameObject: {fileID: 186986}
  m_LocalRotation: {x: -1.25728556e-08, y: 2.98023259e-08, z: 3.7470035e-16, w: 1}
  m_LocalPosition: {x: -.0433979034, y: 0, z: 0}
  m_LocalScale: {x: .999999881, y: .99999994, z: .999999881}
  m_Children: []
  m_Father: {fileID: 486982}
  m_RootOrder: 0
--- !u!4 &486982
Transform:
  m_ObjectHideFlags: 1
  m_PrefabParentObject: {fileID: 0}
  m_PrefabInternal: {fileID: 100100000}
  m_GameObject: {fileID: 186988}
  m_LocalRotation: {x: -2.27462227e-09, y: 1.53112634e-08, z: -.126348764, w: .991985917}
  m_LocalPosition: {x: -.0413348377, y: 0, z: -1.90734859e-08}
  m_LocalScale: {x: 1.00000012, y: 1, z: 1.00000012}
  m_Children:
  - {fileID: 486980}
  m_Father: {fileID: 486988}
  m_RootOrder: 0
--- !u!4 &486984
Transform:
  m_ObjectHideFlags: 1
  m_PrefabParentObject: {fileID: 0}
  m_PrefabInternal: {fileID: 100100000}
  m_GameObject: {fileID: 186978}
  m_LocalRotation: {x: .607907414, y: -.239549875, z: .0596787669, w: .754654169}
  m_LocalPosition: {x: -.0385183692, y: .00923568662, z: -.0517777726}
  m_LocalScale: {x: .999999881, y: 1, z: .999999881}
  m_Children:
  - {fileID: 486974}
  m_Father: {fileID: 487042}
  m_RootOrder: 3
--- !u!4 &486986
Transform:
  m_ObjectHideFlags: 1
  m_PrefabParentObject: {fileID: 0}
  m_PrefabInternal: {fileID: 100100000}
  m_GameObject: {fileID: 186984}
  m_LocalRotation: {x: -.0245000236, y: -.0122015867, z: -.136751205, w: .990227222}
  m_LocalPosition: {x: -.111462399, y: -.00159652706, z: .00876809098}
  m_LocalScale: {x: 1.00000012, y: 1, z: 1}
  m_Children:
  - {fileID: 486978}
  m_Father: {fileID: 487042}
  m_RootOrder: 2
--- !u!4 &486988
Transform:
  m_ObjectHideFlags: 1
  m_PrefabParentObject: {fileID: 0}
  m_PrefabInternal: {fileID: 100100000}
  m_GameObject: {fileID: 186990}
  m_LocalRotation: {x: -.00527760619, y: -.0629553273, z: -.140916273, w: .988003731}
  m_LocalPosition: {x: -.120798945, y: -.0118657686, z: -.0331222899}
  m_LocalScale: {x: .999999881, y: .999999762, z: 1}
  m_Children:
  - {fileID: 486982}
  m_Father: {fileID: 487042}
  m_RootOrder: 1
--- !u!4 &486990
Transform:
  m_ObjectHideFlags: 1
  m_PrefabParentObject: {fileID: 0}
  m_PrefabInternal: {fileID: 100100000}
  m_GameObject: {fileID: 186992}
  m_LocalRotation: {x: .000515326974, y: -3.83948559e-12, z: -7.4505806e-09, w: .999999881}
  m_LocalPosition: {x: -.105062179, y: 9.53674295e-09, z: 0}
  m_LocalScale: {x: .999999881, y: .99999994, z: 1}
  m_Children: []
  m_Father: {fileID: 486992}
  m_RootOrder: 0
--- !u!4 &486992
Transform:
  m_ObjectHideFlags: 1
  m_PrefabParentObject: {fileID: 0}
  m_PrefabInternal: {fileID: 100100000}
  m_GameObject: {fileID: 186994}
  m_LocalRotation: {x: .000511637889, y: 6.17689075e-05, z: .119828746, w: .992794454}
  m_LocalPosition: {x: -.243855208, y: 0, z: 7.62939436e-08}
  m_LocalScale: {x: 1.00000012, y: 1, z: 1}
  m_Children:
  - {fileID: 486990}
  m_Father: {fileID: 487034}
  m_RootOrder: 0
--- !u!4 &486994
Transform:
  m_ObjectHideFlags: 1
  m_PrefabParentObject: {fileID: 0}
  m_PrefabInternal: {fileID: 100100000}
  m_GameObject: {fileID: 186998}
  m_LocalRotation: {x: -4.26325641e-14, y: 3.17637355e-22, z: -7.4505806e-09, w: 1}
  m_LocalPosition: {x: -.215714112, y: -1.90734859e-08, z: -7.27595745e-14}
  m_LocalScale: {x: 1, y: 1, z: 1}
  m_Children: []
  m_Father: {fileID: 487046}
  m_RootOrder: 0
--- !u!4 &486996
Transform:
  m_ObjectHideFlags: 1
  m_PrefabParentObject: {fileID: 0}
  m_PrefabInternal: {fileID: 100100000}
  m_GameObject: {fileID: 186972}
  m_LocalRotation: {x: .654173136, y: .180637002, z: .734393179, w: -.00971655641}
  m_LocalPosition: {x: .097775422, y: .0295611955, z: -.0693653077}
  m_LocalScale: {x: .999999881, y: .99999994, z: 1}
  m_Children:
  - {fileID: 487018}
  m_Father: {fileID: 487000}
  m_RootOrder: 2
--- !u!4 &486998
Transform:
  m_ObjectHideFlags: 1
  m_PrefabParentObject: {fileID: 0}
  m_PrefabInternal: {fileID: 100100000}
  m_GameObject: {fileID: 186996}
  m_LocalRotation: {x: -.654173255, y: -.180639058, z: .734392703, w: -.00971477013}
  m_LocalPosition: {x: .097775422, y: .0295608137, z: .0693653449}
  m_LocalScale: {x: 1, y: .999999881, z: 1}
  m_Children:
  - {fileID: 487034}
  m_Father: {fileID: 487000}
  m_RootOrder: 1
--- !u!4 &487000
Transform:
  m_ObjectHideFlags: 1
  m_PrefabParentObject: {fileID: 0}
  m_PrefabInternal: {fileID: 100100000}
  m_GameObject: {fileID: 187000}
  m_LocalRotation: {x: 3.64250764e-14, y: 3.61200392e-07, z: -.130228013, w: .991484106}
  m_LocalPosition: {x: -.272322923, y: -.0234056655, z: -6.00601169e-09}
  m_LocalScale: {x: 1, y: 1, z: 1}
  m_Children:
  - {fileID: 487046}
  - {fileID: 486998}
  - {fileID: 486996}
  m_Father: {fileID: 487048}
  m_RootOrder: 0
--- !u!4 &487002
Transform:
  m_ObjectHideFlags: 1
  m_PrefabParentObject: {fileID: 0}
  m_PrefabInternal: {fileID: 100100000}
  m_GameObject: {fileID: 187004}
  m_LocalRotation: {x: -3.01732426e-31, y: 3.3972051e-16, z: 8.8817842e-16, w: 1}
  m_LocalPosition: {x: -.0956409052, y: 5.96046434e-10, z: 0}
  m_LocalScale: {x: 1, y: .99999994, z: 1}
  m_Children: []
  m_Father: {fileID: 487004}
  m_RootOrder: 0
--- !u!4 &487004
Transform:
  m_ObjectHideFlags: 1
  m_PrefabParentObject: {fileID: 0}
  m_PrefabInternal: {fileID: 100100000}
  m_GameObject: {fileID: 187006}
  m_LocalRotation: {x: -1.54543134e-08, y: 1.54543134e-08, z: -.707106829, w: .707106829}
  m_LocalPosition: {x: -.122331589, y: .129745692, z: 0}
  m_LocalScale: {x: 1, y: .99999994, z: 1}
  m_Children:
  - {fileID: 487002}
  m_Father: {fileID: 487028}
  m_RootOrder: 0
--- !u!4 &487006
Transform:
  m_ObjectHideFlags: 1
  m_PrefabParentObject: {fileID: 0}
  m_PrefabInternal: {fileID: 100100000}
  m_GameObject: {fileID: 187008}
  m_LocalRotation: {x: -3.39721701e-16, y: 2.0801955e-32, z: 1, w: 6.12323426e-17}
  m_LocalPosition: {x: -.0956408978, y: 5.96046434e-10, z: 1.90734859e-08}
  m_LocalScale: {x: -1, y: -.99999994, z: -1}
  m_Children: []
  m_Father: {fileID: 487008}
  m_RootOrder: 0
--- !u!4 &487008
Transform:
  m_ObjectHideFlags: 1
  m_PrefabParentObject: {fileID: 0}
  m_PrefabInternal: {fileID: 100100000}
  m_GameObject: {fileID: 187010}
  m_LocalRotation: {x: 1.54543134e-08, y: -1.54543134e-08, z: -.707106829, w: .707106829}
  m_LocalPosition: {x: -.122331589, y: .129745707, z: 0}
  m_LocalScale: {x: 1, y: .99999994, z: 1}
  m_Children:
  - {fileID: 487006}
  m_Father: {fileID: 487044}
  m_RootOrder: 0
--- !u!4 &487010
Transform:
  m_ObjectHideFlags: 1
  m_PrefabParentObject: {fileID: 0}
  m_PrefabInternal: {fileID: 100100000}
  m_GameObject: {fileID: 187002}
  m_LocalRotation: {x: -.491400808, y: .508453727, z: .508455157, w: .491399437}
  m_LocalPosition: {x: -.0246795081, y: -3.40103661e-08, z: .12863937}
  m_LocalScale: {x: 1, y: .99999994, z: .99999994}
  m_Children:
  - {fileID: 487048}
  m_Father: {fileID: 487012}
  m_RootOrder: 3
--- !u!4 &487012
Transform:
  m_ObjectHideFlags: 1
  m_PrefabParentObject: {fileID: 0}
  m_PrefabInternal: {fileID: 100100000}
  m_GameObject: {fileID: 187012}
  m_LocalRotation: {x: -.5, y: .5, z: .5, w: .5}
  m_LocalPosition: {x: 2.19590635e-09, y: .978611708, z: .0111453915}
  m_LocalScale: {x: .99999994, y: .99999994, z: 1}
  m_Children:
  - {fileID: 487032}
  - {fileID: 487030}
  - {fileID: 487016}
  - {fileID: 487010}
  m_Father: {fileID: 487050}
  m_RootOrder: 0
--- !u!4 &487014
Transform:
  m_ObjectHideFlags: 1
  m_PrefabParentObject: {fileID: 0}
  m_PrefabInternal: {fileID: 100100000}
  m_GameObject: {fileID: 187014}
  m_LocalRotation: {x: -.707106829, y: 0, z: -0, w: .707106829}
  m_LocalPosition: {x: 0, y: 0, z: 0}
  m_LocalScale: {x: 1, y: 1, z: 1}
  m_Children: []
  m_Father: {fileID: 487050}
  m_RootOrder: 1
--- !u!4 &487016
Transform:
  m_ObjectHideFlags: 1
  m_PrefabParentObject: {fileID: 0}
  m_PrefabInternal: {fileID: 100100000}
  m_GameObject: {fileID: 187016}
  m_LocalRotation: {x: .496385008, y: -.446488798, z: .541013777, w: .51142329}
  m_LocalPosition: {x: -4.29153424e-08, y: -.10788206, z: 0}
  m_LocalScale: {x: 1, y: .99999994, z: .99999994}
  m_Children:
  - {fileID: 487020}
  m_Father: {fileID: 487012}
  m_RootOrder: 2
--- !u!4 &487018
Transform:
  m_ObjectHideFlags: 1
  m_PrefabParentObject: {fileID: 0}
  m_PrefabInternal: {fileID: 100100000}
  m_GameObject: {fileID: 187018}
  m_LocalRotation: {x: -.169717699, y: .409951657, z: .0695530772, w: .893475175}
  m_LocalPosition: {x: -.151694432, y: 0, z: 0}
  m_LocalScale: {x: .99999994, y: 1.00000012, z: .999999881}
  m_Children:
  - {fileID: 486970}
  - {fileID: 487022}
  m_Father: {fileID: 486996}
  m_RootOrder: 0
--- !u!4 &487020
Transform:
  m_ObjectHideFlags: 1
  m_PrefabParentObject: {fileID: 0}
  m_PrefabInternal: {fileID: 100100000}
  m_GameObject: {fileID: 187020}
  m_LocalRotation: {x: 3.54100682e-09, y: -3.45893758e-09, z: .0782119334, w: .996936798}
  m_LocalPosition: {x: -.384199023, y: 0, z: 0}
  m_LocalScale: {x: .999999881, y: .999999881, z: .99999994}
  m_Children:
  - {fileID: 487028}
  m_Father: {fileID: 487016}
  m_RootOrder: 0
--- !u!4 &487022
Transform:
  m_ObjectHideFlags: 1
  m_PrefabParentObject: {fileID: 0}
  m_PrefabInternal: {fileID: 100100000}
  m_GameObject: {fileID: 187022}
  m_LocalRotation: {x: -5.61130831e-09, y: -1.56865845e-08, z: .119828761, w: .992794573}
  m_LocalPosition: {x: -.243855134, y: -9.53674295e-09, z: 0}
  m_LocalScale: {x: 1, y: 1, z: 1}
  m_Children:
  - {fileID: 487026}
  m_Father: {fileID: 487018}
  m_RootOrder: 1
--- !u!4 &487024
Transform:
  m_ObjectHideFlags: 1
  m_PrefabParentObject: {fileID: 0}
  m_PrefabInternal: {fileID: 100100000}
  m_GameObject: {fileID: 187024}
  m_LocalRotation: {x: 2.45869103e-07, y: -5.21540287e-08, z: 1.28230641e-14, w: 1}
  m_LocalPosition: {x: -.0829437599, y: .0489760563, z: -.00363782863}
  m_LocalScale: {x: 1.00000072, y: 1.00000024, z: 1.0000006}
  m_Children: []
  m_Father: {fileID: 487026}
  m_RootOrder: 0
--- !u!4 &487026
Transform:
  m_ObjectHideFlags: 1
  m_PrefabParentObject: {fileID: 0}
  m_PrefabInternal: {fileID: 100100000}
  m_GameObject: {fileID: 187026}
  m_LocalRotation: {x: .705549836, y: .0255798679, z: -.00188740634, w: .708195984}
  m_LocalPosition: {x: -.210124433, y: 9.53674295e-09, z: -7.62939436e-08}
  m_LocalScale: {x: 1.00000012, y: 1.00000012, z: 1}
  m_Children:
  - {fileID: 487024}
  - {fileID: 486966}
  - {fileID: 486964}
  - {fileID: 486962}
  m_Father: {fileID: 487022}
  m_RootOrder: 0
--- !u!4 &487028
Transform:
  m_ObjectHideFlags: 1
  m_PrefabParentObject: {fileID: 0}
  m_PrefabInternal: {fileID: 100100000}
  m_GameObject: {fileID: 187028}
  m_LocalRotation: {x: .00121031515, y: -.0545274131, z: -.0655049682, w: .9963606}
  m_LocalPosition: {x: -.474319816, y: -9.53674295e-09, z: 1.90734859e-08}
  m_LocalScale: {x: .99999994, y: .99999994, z: 1}
  m_Children:
  - {fileID: 487004}
  m_Father: {fileID: 487020}
  m_RootOrder: 0
--- !u!4 &487030
Transform:
  m_ObjectHideFlags: 1
  m_PrefabParentObject: {fileID: 0}
  m_PrefabInternal: {fileID: 100100000}
  m_GameObject: {fileID: 187030}
  m_LocalRotation: {x: -.499999642, y: .500000358, z: .499999642, w: .500000358}
  m_LocalPosition: {x: -0, y: 0, z: 0}
  m_LocalScale: {x: 1, y: .99999994, z: .99999994}
  m_Children: []
  m_Father: {fileID: 487012}
  m_RootOrder: 1
--- !u!4 &487032
Transform:
  m_ObjectHideFlags: 1
  m_PrefabParentObject: {fileID: 0}
  m_PrefabInternal: {fileID: 100100000}
  m_GameObject: {fileID: 187032}
  m_LocalRotation: {x: -.51142329, y: .541013777, z: -.446488857, w: -.496385068}
  m_LocalPosition: {x: -4.29153424e-08, y: .10788206, z: 0}
  m_LocalScale: {x: 1, y: .99999994, z: .99999994}
  m_Children:
  - {fileID: 487036}
  m_Father: {fileID: 487012}
  m_RootOrder: 0
--- !u!4 &487034
Transform:
  m_ObjectHideFlags: 1
  m_PrefabParentObject: {fileID: 0}
  m_PrefabInternal: {fileID: 100100000}
  m_GameObject: {fileID: 187034}
  m_LocalRotation: {x: .169717699, y: -.409951687, z: .0695530847, w: .893475175}
  m_LocalPosition: {x: -.151694387, y: 1.90734859e-08, z: 0}
  m_LocalScale: {x: 1, y: 1.00000024, z: 1.00000012}
  m_Children:
  - {fileID: 486992}
  - {fileID: 487038}
  m_Father: {fileID: 486998}
  m_RootOrder: 0
--- !u!4 &487036
Transform:
  m_ObjectHideFlags: 1
  m_PrefabParentObject: {fileID: 0}
  m_PrefabInternal: {fileID: 100100000}
  m_GameObject: {fileID: 187036}
  m_LocalRotation: {x: 2.32117459e-09, y: 1.82101376e-10, z: .0782119408, w: .996936798}
  m_LocalPosition: {x: -.384199023, y: 0, z: 0}
  m_LocalScale: {x: .99999994, y: .99999994, z: 1}
  m_Children:
  - {fileID: 487044}
  m_Father: {fileID: 487032}
  m_RootOrder: 0
--- !u!4 &487038
Transform:
  m_ObjectHideFlags: 1
  m_PrefabParentObject: {fileID: 0}
  m_PrefabInternal: {fileID: 100100000}
  m_GameObject: {fileID: 187038}
  m_LocalRotation: {x: 5.61130786e-09, y: 1.56865845e-08, z: .119828761, w: .992794573}
  m_LocalPosition: {x: -.243855208, y: 0, z: 7.62939436e-08}
  m_LocalScale: {x: 1.00000012, y: 1.00000012, z: 1.00000012}
  m_Children:
  - {fileID: 487042}
  m_Father: {fileID: 487034}
  m_RootOrder: 1
--- !u!4 &487040
Transform:
  m_ObjectHideFlags: 1
  m_PrefabParentObject: {fileID: 0}
  m_PrefabInternal: {fileID: 100100000}
  m_GameObject: {fileID: 187040}
  m_LocalRotation: {x: 2.53319655e-07, y: -7.45059214e-09, z: -2.9802333e-08, w: 1}
  m_LocalPosition: {x: -.0829437226, y: .0489759818, z: .003635559}
  m_LocalScale: {x: .999999523, y: 1.00000036, z: .999999702}
  m_Children: []
  m_Father: {fileID: 487042}
  m_RootOrder: 0
--- !u!4 &487042
Transform:
  m_ObjectHideFlags: 1
  m_PrefabParentObject: {fileID: 0}
  m_PrefabInternal: {fileID: 100100000}
  m_GameObject: {fileID: 187042}
  m_LocalRotation: {x: -.705549836, y: -.0255798697, z: -.00188738795, w: .708195984}
  m_LocalPosition: {x: -.210124433, y: -9.53674295e-09, z: 0}
  m_LocalScale: {x: 1, y: 1.00000012, z: 1}
  m_Children:
  - {fileID: 487040}
  - {fileID: 486988}
  - {fileID: 486986}
  - {fileID: 486984}
  m_Father: {fileID: 487038}
  m_RootOrder: 0
--- !u!4 &487044
Transform:
  m_ObjectHideFlags: 1
  m_PrefabParentObject: {fileID: 0}
  m_PrefabInternal: {fileID: 100100000}
  m_GameObject: {fileID: 187044}
  m_LocalRotation: {x: -.00121032004, y: .0545273349, z: -.0655049756, w: .9963606}
  m_LocalPosition: {x: -.474319816, y: -9.53674295e-09, z: 0}
  m_LocalScale: {x: .99999994, y: .99999994, z: 1}
  m_Children:
  - {fileID: 487008}
  m_Father: {fileID: 487036}
  m_RootOrder: 0
--- !u!4 &487046
Transform:
  m_ObjectHideFlags: 1
  m_PrefabParentObject: {fileID: 0}
  m_PrefabInternal: {fileID: 100100000}
  m_GameObject: {fileID: 187046}
  m_LocalRotation: {x: 3.22833326e-14, y: 8.63963407e-08, z: -.031148836, w: .999514759}
  m_LocalPosition: {x: -.0633358732, y: 1.90734859e-08, z: 0}
  m_LocalScale: {x: 1, y: .99999994, z: .99999994}
  m_Children:
  - {fileID: 486994}
  m_Father: {fileID: 487000}
  m_RootOrder: 0
--- !u!4 &487048
Transform:
  m_ObjectHideFlags: 1
  m_PrefabParentObject: {fileID: 0}
  m_PrefabInternal: {fileID: 100100000}
  m_GameObject: {fileID: 187048}
  m_LocalRotation: {x: 1.8855958e-14, y: -1.77271332e-07, z: .0639137998, w: .997955441}
  m_LocalPosition: {x: -.162263334, y: -.000211315157, z: -5.86078353e-10}
  m_LocalScale: {x: 1, y: 1.00000012, z: 1}
  m_Children:
  - {fileID: 487000}
  m_Father: {fileID: 487010}
  m_RootOrder: 0
--- !u!4 &487050
Transform:
  m_ObjectHideFlags: 1
  m_PrefabParentObject: {fileID: 0}
  m_PrefabInternal: {fileID: 100100000}
  m_GameObject: {fileID: 187050}
  m_LocalRotation: {x: 0, y: 0, z: 0, w: 1}
  m_LocalPosition: {x: 0, y: 0, z: 0}
  m_LocalScale: {x: 1, y: 1, z: 1}
  m_Children:
  - {fileID: 487012}
  - {fileID: 487014}
  m_Father: {fileID: 0}
  m_RootOrder: 0
--- !u!65 &6580488
BoxCollider:
  m_ObjectHideFlags: 1
  m_PrefabParentObject: {fileID: 0}
  m_PrefabInternal: {fileID: 100100000}
  m_GameObject: {fileID: 187022}
  m_Material: {fileID: 0}
  m_IsTrigger: 1
  m_Enabled: 1
  serializedVersion: 2
  m_Size: {x: .219999999, y: .0799999982, z: .0599999987}
  m_Center: {x: -.109999999, y: -.00200000009, z: 0}
--- !u!65 &6580490
BoxCollider:
  m_ObjectHideFlags: 1
  m_PrefabParentObject: {fileID: 0}
  m_PrefabInternal: {fileID: 100100000}
  m_GameObject: {fileID: 187018}
  m_Material: {fileID: 0}
  m_IsTrigger: 1
  m_Enabled: 1
  serializedVersion: 2
  m_Size: {x: .180000007, y: .100000001, z: .100000001}
  m_Center: {x: -.0900000036, y: 0, z: .0149999997}
--- !u!65 &6580492
BoxCollider:
  m_ObjectHideFlags: 1
  m_PrefabParentObject: {fileID: 0}
  m_PrefabInternal: {fileID: 100100000}
  m_GameObject: {fileID: 187038}
  m_Material: {fileID: 0}
  m_IsTrigger: 1
  m_Enabled: 1
  serializedVersion: 2
  m_Size: {x: .219999999, y: .0799999982, z: .0599999987}
  m_Center: {x: -.109999999, y: -.00200000009, z: 0}
--- !u!65 &6580494
BoxCollider:
  m_ObjectHideFlags: 1
  m_PrefabParentObject: {fileID: 0}
  m_PrefabInternal: {fileID: 100100000}
  m_GameObject: {fileID: 187034}
  m_Material: {fileID: 0}
  m_IsTrigger: 1
  m_Enabled: 1
  serializedVersion: 2
  m_Size: {x: .180000007, y: .100000001, z: .100000001}
  m_Center: {x: -.0900000036, y: 0, z: -.0149999997}
--- !u!65 &6580496
BoxCollider:
  m_ObjectHideFlags: 1
  m_PrefabParentObject: {fileID: 0}
  m_PrefabInternal: {fileID: 100100000}
  m_GameObject: {fileID: 187046}
  m_Material: {fileID: 0}
  m_IsTrigger: 1
  m_Enabled: 1
  serializedVersion: 2
  m_Size: {x: .200000003, y: .200000003, z: .200000003}
  m_Center: {x: -.0900000036, y: 0, z: 0}
--- !u!65 &6580498
BoxCollider:
  m_ObjectHideFlags: 1
  m_PrefabParentObject: {fileID: 0}
  m_PrefabInternal: {fileID: 100100000}
  m_GameObject: {fileID: 187048}
  m_Material: {fileID: 0}
  m_IsTrigger: 1
  m_Enabled: 1
  serializedVersion: 2
  m_Size: {x: .560000002, y: .300000012, z: .400000006}
  m_Center: {x: .0399999991, y: 0, z: 0}
--- !u!65 &6580500
BoxCollider:
  m_ObjectHideFlags: 1
  m_PrefabParentObject: {fileID: 0}
  m_PrefabInternal: {fileID: 100100000}
  m_GameObject: {fileID: 187020}
  m_Material: {fileID: 0}
  m_IsTrigger: 1
  m_Enabled: 1
  serializedVersion: 2
  m_Size: {x: .449999988, y: .200000003, z: .119999997}
  m_Center: {x: -.25, y: 0, z: 0}
--- !u!65 &6580502
BoxCollider:
  m_ObjectHideFlags: 1
  m_PrefabParentObject: {fileID: 0}
  m_PrefabInternal: {fileID: 100100000}
  m_GameObject: {fileID: 187016}
  m_Material: {fileID: 0}
  m_IsTrigger: 1
  m_Enabled: 1
  serializedVersion: 2
  m_Size: {x: .449999988, y: .200000003, z: .180000007}
  m_Center: {x: -.170000002, y: 0, z: 0}
--- !u!65 &6580504
BoxCollider:
  m_ObjectHideFlags: 1
  m_PrefabParentObject: {fileID: 0}
  m_PrefabInternal: {fileID: 100100000}
  m_GameObject: {fileID: 187036}
  m_Material: {fileID: 0}
  m_IsTrigger: 1
  m_Enabled: 1
  serializedVersion: 2
  m_Size: {x: .449999988, y: .200000003, z: .119999997}
  m_Center: {x: -.25, y: 0, z: 0}
--- !u!65 &6580506
BoxCollider:
  m_ObjectHideFlags: 1
  m_PrefabParentObject: {fileID: 0}
  m_PrefabInternal: {fileID: 100100000}
  m_GameObject: {fileID: 187032}
  m_Material: {fileID: 0}
  m_IsTrigger: 1
  m_Enabled: 1
  serializedVersion: 2
  m_Size: {x: .449999988, y: .200000003, z: .180000007}
  m_Center: {x: -.170000002, y: 0, z: 0}
--- !u!95 &9587050
Animator:
  serializedVersion: 3
  m_ObjectHideFlags: 1
  m_PrefabParentObject: {fileID: 0}
  m_PrefabInternal: {fileID: 100100000}
  m_GameObject: {fileID: 187050}
  m_Enabled: 1
  m_Avatar: {fileID: 9000000, guid: 0b918767e24151541805d49204af88da, type: 3}
  m_Controller: {fileID: 9100000, guid: 57b466e04783b824fa3dd026e20005a5, type: 2}
  m_CullingMode: 1
  m_UpdateMode: 0
  m_ApplyRootMotion: 1
  m_HasTransformHierarchy: 1
  m_AllowConstantClipSamplingOptimization: 1
--- !u!137 &13787050
SkinnedMeshRenderer:
  m_ObjectHideFlags: 1
  m_PrefabParentObject: {fileID: 0}
  m_PrefabInternal: {fileID: 100100000}
  m_GameObject: {fileID: 187014}
  m_Enabled: 1
  m_CastShadows: 1
  m_ReceiveShadows: 1
  m_LightmapIndex: 255
  m_LightmapTilingOffset: {x: 1, y: 1, z: 0, w: 0}
  m_Materials:
  - {fileID: 2100000, guid: 52db71926791ee34093faa8f1df7f71c, type: 2}
  m_SubsetIndices: 
  m_StaticBatchRoot: {fileID: 0}
  m_UseLightProbes: 0
  m_LightProbeAnchor: {fileID: 0}
  m_ScaleInLightmap: 1
  m_SortingLayerID: 0
  m_SortingOrder: 0
  serializedVersion: 2
  m_Quality: 0
  m_UpdateWhenOffscreen: 0
  m_Mesh: {fileID: 4300000, guid: 0b918767e24151541805d49204af88da, type: 3}
  m_Bones:
  - {fileID: 487030}
  - {fileID: 487010}
  - {fileID: 487032}
  - {fileID: 487016}
  - {fileID: 487042}
  - {fileID: 486984}
  - {fileID: 486990}
  - {fileID: 486974}
  - {fileID: 486988}
  - {fileID: 486986}
  - {fileID: 486978}
  - {fileID: 486982}
  - {fileID: 487048}
  - {fileID: 486998}
  - {fileID: 487000}
  - {fileID: 487046}
  - {fileID: 487034}
  - {fileID: 486992}
  - {fileID: 487036}
  - {fileID: 487008}
  - {fileID: 487044}
  - {fileID: 487026}
  - {fileID: 486962}
  - {fileID: 486968}
  - {fileID: 486952}
  - {fileID: 486966}
  - {fileID: 486964}
  - {fileID: 486956}
  - {fileID: 486960}
  - {fileID: 486996}
  - {fileID: 487018}
  - {fileID: 486970}
  - {fileID: 487020}
  - {fileID: 487004}
  - {fileID: 487028}
  m_BlendShapeWeights: []
  m_RootBone: {fileID: 487010}
  m_AABB:
    m_Center: {x: .184039384, y: -.0346274376, z: -1.78813934e-07}
    m_Extent: {x: .928159714, y: .196062595, z: .580814838}
  m_DirtyAABB: 0
--- !u!1001 &100100000
Prefab:
  m_ObjectHideFlags: 1
  serializedVersion: 2
  m_Modification:
    m_TransformParent: {fileID: 0}
    m_Modifications: []
    m_RemovedComponents: []
  m_ParentPrefab: {fileID: 0}
  m_RootGameObject: {fileID: 187050}
  m_IsPrefabParent: 1
  m_IsExploded: 1
